<!DOCTYPE html><html><head>
        <meta charset="UTF-8">
<meta name="viewport" content="width=device-width, initial-scale=1.0, maximum-scale=1.0, user-scalable=no">
<meta name="format-detection" content="telephone=no">
<meta http-equiv="X-UA-Compatible" content="IE=edge">


    <meta name="robots" content="index, follow">



    <title>Sal, salsas y especias en Condisline, tu supermercado online</title>



    <meta name="description" content="En la sección de Sal, salsas y especias te ofrecemos una completa gama de productos al mejor precio. Compra en Condisline, tu supermercado online">



    <link rel="alternate" href="https://www.condisline.com/Alimentacion_Sal-salsas-y-especias_c01_cat00020004_cat_es_ES.jsp" hreflang="es">



    <link rel="alternate" href="https://www.condisline.com/Alimentacio_Sal-salses-i-especies_c01_cat00020004_cat_ca_ES.jsp" hreflang="ca">


<link rel="shortcut icon" href="//static.condisline.com/static-app/j2_233f/images/condisline.ico">

<link rel="stylesheet" href="//static.condisline.com/static-app/j2_233f/styles/interface.css">
<link rel="stylesheet" href="//static.condisline.com/static-app/j2_233f/styles/condis.css">
<link rel="stylesheet" href="//static.condisline.com/static-app/j2_233f/fonts/icomoon/style.css">

<script src="https://connect.facebook.net/es_ES/sdk.js?hash=82e1fd43109a9767b87a371149d8b5bf" async="" crossorigin="anonymous"></script><script id="facebook-jssdk" src="//connect.facebook.net/es_ES/sdk.js"></script><script async="" src="https://www.googletagmanager.com/gtm.js?id=GTM-K54HK82"></script><script type="text/javascript">
    window.dataLayer = window.dataLayer || [];
    var staticUrl = '//static.condisline.com/static-app/j2_233f';
    var addressGoogleService = 'true';
    var strandsEnabled = 'false';
    var pleasePluginEnabled = 'true';
    var googleServiceKey = 'AIzaSyBeqqxvGqGcP0cwdSA2_o6Hfffn-iOUUBQ';
    var sfChatId1 = '5721r0000008g9T';
    var sfChatId2 = '00D1r000000sfpu';
    var store_context_root =  '';
    var empathy_url = 'https://api.empathy.co/';
    var empathy_suggestions_url = 'search/v1/query/condis/empathize?';
    var empathy_next_queries_url = 'nextqueries/condis?';
    var empathy_related_tags_url = 'relatedtags/condis?';
    var empathy_top_clicked_url = 'search/v1/query/condis/topclicked?';
    var empathy_sku_search_url = 'search/v1/query/skusearch?';
    var empathy_search_url = 'search/v1/query/search?';
    var empathy_mobileOrDesktop =  'desktop';
    var environment = 'pro';

</script>

<script>(function(w,d,s,l,i){w[l]=w[l]||[];w[l].push({'gtm.start':
new Date().getTime(),event:'gtm.js'});var f=d.getElementsByTagName(s)[0],
j=d.createElement(s),dl=l!='dataLayer'?'&l='+l:'';j.async=true;j.src=
'https://www.googletagmanager.com/gtm.js?id='+i+dl;f.parentNode.insertBefore(j,f);
})(window,document,'script','dataLayer','GTM-K54HK82');
</script>

<script type="text/javascript" src="//static.condisline.com/static-app/j2_233f/js/jquery.min.js"></script>
<script type="text/javascript" src="//static.condisline.com/static-app/j2_233f/js/jquery.lazyload.js"></script>
<script type="text/javascript" src="//static.condisline.com/static-app/j2_233f/js/jquery-ui.min.js"></script>
<script type="text/javascript" src="//static.condisline.com/static-app/j2_233f/js/jquery.imageLens.js"></script>
<script type="text/javascript" src="//static.condisline.com/static-app/j2_233f/js/jquery.typewatch.js"></script>
<script type="text/javascript" src="//static.condisline.com/static-app/j2_233f/js/common.js"></script>
<script type="text/javascript" src="//static.condisline.com/static-app/j2_233f/js/index.js"></script>
<script type="text/javascript" src="//static.condisline.com/static-app/j2_233f/js/utils.js"></script>
<script type="text/javascript" src="//static.condisline.com/static-app/j2_233f/js/condis.js"></script>
<script type="text/javascript" src="//static.condisline.com/static-app/j2_233f/js/handlebars-v3.0.3.js"></script>
<script type="text/javascript" src="//static.condisline.com/static-app/j2_233f/js/environment-pro.js"></script>
<script type="text/javascript" src="//static.condisline.com/static-app/j2_233f/js/commerce_rest-v.0.1.js"></script>
<script type="text/javascript" src="//static.condisline.com/static-app/j2_233f/js/supportStore.js"></script>
<script type="text/javascript" src="//static.condisline.com/static-app/j2_233f/js/validator.js"></script>
<script type="text/javascript" src="//static.condisline.com/static-app/j2_233f/js/jquery.cookie.js"></script>
<script type="text/javascript" src="//static.condisline.com/static-app/j2_233f/js/product-list.js"></script>
<script type="text/javascript" src="https://maps.googleapis.com/maps/api/js?key=AIzaSyBeqqxvGqGcP0cwdSA2_o6Hfffn-iOUUBQ&amp;libraries=geometry"></script>

<script type="module" src="https://platform.pleasepoint.com/pleasepoint-widgets/index.js"></script>


<script type="text/javascript" src="https://c.la1-c1cs-par.salesforceliveagent.com/content/g/js/42.0/deployment.js"></script>
<script type="text/javascript">
liveagent.init('https://d.la1-c2-par.salesforceliveagent.com/chat', '5721r0000008g9T', '00D1r000000sfpu');
//liveagent.init('https://d.la1-c1cs-par.salesforceliveagent.com/chat', '5720E00000000EX', '00D0E00000017bO');
</script>

<script>
    var templateName = 'desktop/category/bodyTemplate';
    var locale = 'es_ES';
    var catalogId = 'SVC';
    var localeSearch = locale.substring(0,2);
</script>

<!--[if lt IE 9]>
    <script src="//static.condisline.com/static-app/j2_233f/js/html5shiv.min.js"></script>
<![endif]-->


        <link rel="stylesheet" href="//static.condisline.com/static-app/j2_233f/styles/product-list.css">
    <link rel="stylesheet" href="//static.condisline.com/static-app/j2_233f/styles/purchasing-process-step-1.css"><style type="text/css" data-fbcssmodules="css:fb.css.base css:fb.css.dialog css:fb.css.iframewidget">.fb_hidden{position:absolute;top:-10000px;z-index:10001}.fb_reposition{overflow:hidden;position:relative}.fb_invisible{display:none}.fb_reset{background:none;border:0px;border-spacing:0;color:#000;cursor:auto;direction:ltr;font-family:'lucida grande', tahoma, verdana, arial, sans-serif;font-size:11px;font-style:normal;font-variant:normal;font-weight:normal;letter-spacing:normal;line-height:1;margin:0;overflow:visible;padding:0;text-align:left;text-decoration:none;text-indent:0;text-shadow:none;text-transform:none;visibility:visible;white-space:normal;word-spacing:normal}.fb_reset>div{overflow:hidden}@keyframes fb_transform{from{opacity:0;transform:scale(.95)}to{opacity:1;transform:scale(1)}}.fb_animate{animation:fb_transform .3s forwards}
.fb_hidden{position:absolute;top:-10000px;z-index:10001}.fb_reposition{overflow:hidden;position:relative}.fb_invisible{display:none}.fb_reset{background:none;border:0px;border-spacing:0;color:#000;cursor:auto;direction:ltr;font-family:'lucida grande', tahoma, verdana, arial, sans-serif;font-size:11px;font-style:normal;font-variant:normal;font-weight:normal;letter-spacing:normal;line-height:1;margin:0;overflow:visible;padding:0;text-align:left;text-decoration:none;text-indent:0;text-shadow:none;text-transform:none;visibility:visible;white-space:normal;word-spacing:normal}.fb_reset>div{overflow:hidden}@keyframes fb_transform{from{opacity:0;transform:scale(.95)}to{opacity:1;transform:scale(1)}}.fb_animate{animation:fb_transform .3s forwards}
.fb_dialog{background:rgba(82,82,82,.7);position:absolute;top:-10000px;z-index:10001}.fb_dialog_advanced{border-radius:8px;padding:10px}.fb_dialog_content{background:#fff;color:#373737}.fb_dialog_close_icon{background:url(https://connect.facebook.net/rsrc.php/v4/yq/r/IE9JII6Z1Ys.png) no-repeat scroll 0 0 transparent;cursor:pointer;display:block;height:15px;position:absolute;right:18px;top:17px;width:15px}.fb_dialog_mobile .fb_dialog_close_icon{left:5px;right:auto;top:5px}.fb_dialog_padding{background-color:transparent;position:absolute;width:1px;z-index:-1}.fb_dialog_close_icon:hover{background:url(https://connect.facebook.net/rsrc.php/v4/yq/r/IE9JII6Z1Ys.png) no-repeat scroll 0 -15px transparent}.fb_dialog_close_icon:active{background:url(https://connect.facebook.net/rsrc.php/v4/yq/r/IE9JII6Z1Ys.png) no-repeat scroll 0 -30px transparent}.fb_dialog_iframe{line-height:0}.fb_dialog_content .dialog_title{background:#6d84b4;border:1px solid #365899;color:#fff;font-size:14px;font-weight:bold;margin:0}.fb_dialog_content .dialog_title>span{background:url(https://connect.facebook.net/rsrc.php/v4/yd/r/Cou7n-nqK52.gif) no-repeat 5px 50%;float:left;padding:5px 0 7px 26px}body.fb_hidden{height:100%;left:0px;margin:0px;overflow:visible;position:absolute;top:-10000px;transform:none;width:100%}.fb_dialog.fb_dialog_mobile.loading{background:url(https://connect.facebook.net/rsrc.php/v4/ya/r/3rhSv5V8j3o.gif) white no-repeat 50% 50%;min-height:100%;min-width:100%;overflow:hidden;position:absolute;top:0;z-index:10001}.fb_dialog.fb_dialog_mobile.loading.centered{background:none;height:auto;min-height:initial;min-width:initial;width:auto}.fb_dialog.fb_dialog_mobile.loading.centered #fb_dialog_loader_spinner{width:100%}.fb_dialog.fb_dialog_mobile.loading.centered .fb_dialog_content{background:none}.loading.centered #fb_dialog_loader_close{clear:both;color:white;display:block;font-size:18px;padding-top:20px}#fb-root #fb_dialog_ipad_overlay{background:rgba(0,0,0,.4);bottom:0;left:0;min-height:100%;position:absolute;right:0;top:0;width:100%;z-index:10000}#fb-root #fb_dialog_ipad_overlay.hidden{display:none}.fb_dialog.fb_dialog_mobile.loading iframe{visibility:hidden}.fb_dialog_mobile .fb_dialog_iframe{position:sticky;top:0}.fb_dialog_content .dialog_header{background:linear-gradient(from(#738aba), to(#2c4987));border-bottom:1px solid;border-color:#043b87;box-shadow:white 0px 1px 1px -1px inset;color:#fff;font:bold 14px Helvetica, sans-serif;text-overflow:ellipsis;text-shadow:rgba(0,30,84,.296875) 0px -1px 0px;vertical-align:middle;white-space:nowrap}.fb_dialog_content .dialog_header table{height:43px;width:100%}.fb_dialog_content .dialog_header td.header_left{font-size:12px;padding-left:5px;vertical-align:middle;width:60px}.fb_dialog_content .dialog_header td.header_right{font-size:12px;padding-right:5px;vertical-align:middle;width:60px}.fb_dialog_content .touchable_button{background:linear-gradient(from(#4267b2), to(#2a4887));background-clip:padding-box;border:1px solid #29487d;border-radius:3px;display:inline-block;line-height:18px;margin-top:3px;max-width:85px;padding:4px 12px;position:relative}.fb_dialog_content .dialog_header .touchable_button input{background:none;border:none;color:white;font:bold 12px Helvetica, sans-serif;margin:2px -12px;padding:2px 6px 3px 6px;text-shadow:rgba(0,30,84,.296875) 0px -1px 0px}.fb_dialog_content .dialog_header .header_center{color:#fff;font-size:16px;font-weight:bold;line-height:18px;text-align:center;vertical-align:middle}.fb_dialog_content .dialog_content{background:url(https://connect.facebook.net/rsrc.php/v4/y9/r/jKEcVPZFk-2.gif) no-repeat 50% 50%;border:1px solid #4a4a4a;border-bottom:0;border-top:0;height:150px}.fb_dialog_content .dialog_footer{background:#f5f6f7;border:1px solid #4a4a4a;border-top-color:#ccc;height:40px}#fb_dialog_loader_close{float:left}.fb_dialog.fb_dialog_mobile .fb_dialog_close_icon{visibility:hidden}#fb_dialog_loader_spinner{animation:rotateSpinner 1.2s linear infinite;background-color:transparent;background-image:url(https://connect.facebook.net/rsrc.php/v4/yD/r/t-wz8gw1xG1.png);background-position:50% 50%;background-repeat:no-repeat;height:24px;width:24px}@keyframes rotateSpinner{0%{transform:rotate(0deg)}100%{transform:rotate(360deg)}}
.fb_iframe_widget{display:inline-block;position:relative}.fb_iframe_widget span{display:inline-block;position:relative;text-align:justify}.fb_iframe_widget iframe{position:absolute}.fb_iframe_widget_fluid_desktop,.fb_iframe_widget_fluid_desktop span,.fb_iframe_widget_fluid_desktop iframe{max-width:100%}.fb_iframe_widget_fluid_desktop iframe{min-width:220px;position:relative}.fb_iframe_widget_lift{z-index:1}.fb_iframe_widget_fluid{display:inline}.fb_iframe_widget_fluid span{width:100%}</style><script type="text/javascript" charset="UTF-8" src="https://maps.googleapis.com/maps-api-v3/api/js/60/12/common.js"></script><script type="text/javascript" charset="UTF-8" src="https://maps.googleapis.com/maps-api-v3/api/js/60/12/util.js"></script></head>
    <body>

            <noscript><iframe src="https://www.googletagmanager.com/ns.html?id=GTM-K54HK82"
height="0" width="0" style="display:none;visibility:hidden"></iframe></noscript>

<header id="header_container" class="header_container">


            <div id="mainHeader" class="content_container">
                <div class="logo_container">

                    <a class="logo_link" title="Condisline" href="/">
                        <img class="logo_image" alt="Logotipo de Condisline" src="//static.condisline.com/static-app/j2_233f/images/logo-condisline.png" width="247">
                    </a>



                    <div class="site_container">

                        <div class="province_container" onclick="dataLayer.push({event:'event_gtm', category:'experiencia usuario', action:'cambio surtido'});">

                                    
                                        
                                            <span class="province" title="Establece el surtido de la web dependiendo de la Zona seleccionada Catalunya">Zona <span class="bold">Catalunya</span></span>
                                        
                                    
                                    <a class="province" title="Establece el surtido de la web dependiendo de la Zona seleccionada " href="https://www.condisline.ad" target="_blank">Zona <span class="bold">Andorra</span></a>
                        </div>

                        <div class="language_container" onclick="dataLayer.push({event:'event_gtm', category:'experiencia usuario', action:'cambio idioma'});">
                            
                                
                                    <span class="language" title="Cambiar a idioma Castellano" href="javascript:selectLang('es_ES');"><span class="text">idioma </span><span class="bold">Castellano</span></span>
                                
                            
                                
                                    <a class="language" title="Cambiar a idioma Català" href="javascript:selectLang('ca_ES');"><span class="text">idioma </span><span class="bold">Català</span></a>
                                
                            
                        </div>
                    </div>

                </div>


                <div id="search_form" class="search_container">
                    <label class="label_container">
                        <input id="term" type="search" name="term" autocomplete="off" maxlength="50" placeholder="Buscar productos">
                        <input type="hidden" id="source" name="source" value="directSearch">
                        <a id="search_button" class="search_button disabled" title="Buscar" onclick="javascript:directSearchButton()">&gt;</a>
                        <div id="searchingResults" class="ui-autocomplete">
                            <div id="suggestions" class="suggestions-class" style="display: none;"></div>
                            <div id="nextQueries" class="nextQueries-class" style="display: none;"></div>
                            <div id="relatedtags" class="relatedtags-class" style="display: none;"></div>
                        </div>
                    </label>
                </div>


                    <a class="cart_button" title="Ver mi carrito de la compra" href="/shoppingcart">
                        <div id="seccionCartSummaryHeadInfo">
    <span class="products_number">0</span>
    <div class="price_container">
        <span class="price"><span id="total_price_">0,00</span><span class="currency">€</span></span>
        <span class="cart_text">ver carrito</span>
     </div>

</div>
                    </a>

                    
<div id="unlogged_frame" style="display: block;">
    <a class="user_button" title="Ir a mi cuenta" href="javascript:showLogin();"><span id="login_name" title="Ir a mi cuenta" href="javascript:showLogin();">Mi cuenta</span></a>
</div>


<div id="logged_frame" style="display:none" class="user_button logged">
    <span id="logged_name"></span>
    <div class="user_options">
        <a class="user_option" title="Ir a mi cuenta" href="javascript:privateArea();">Ir a mi cuenta</a>
        <a class="user_option" title="Salir" href="javascript:sendLogout();">Salir</a>
    </div>
</div>


<div class="disponibility_container">
    <a id="disponibility_button" class="disponibility_button" title="Comprueba si tienes servicio" href="javascript:void(0);">Comprueba si tienes servicio<span></span></a>
    <div class="disponibility_content check_cp">
        <label class="disponibility_label">
            <input id="check_disponibility" type="text" maxlength="5" autocomplete="off">
            <span class="placeholder">Indica tu C.P.</span>
        </label>
        <a class="check_disponibility" title="Comprobar" href="javascript:checkServiceAvailability('SVC');" onclick="dataLayer.push({event:'event_gtm', category: 'experiencia usuario',action:'comprobar cobertura', label: $('#check_disponibility').val()});">COMPROBAR</a>
    </div>
    <div class="disponibility_content msg_cp">
        <p id="disponibility_ok" class="disponibility_text" style="display:none"><span>¡PERFECTO!</span>Tenemos servicio para la zona indicada</p>
        <p id="disponibility_ko" class="disponibility_text" style="display:none"><span>¡SERVICIO NO DISPONIBLE!</span>No tenemos servicio para la zona indicada</p>
    </div>
</div>



                <nav class="nav_container">
                    <ul class="menu_container">
                        <li id="quick_list_container" class="need_link_container">

                            <p class="need_link">¿Qué necesitas?</p>

                            <div id="notebook_container" class="notebook_container show" onclick="setTimeout(saveQuicklistState, 500)" style="display: none;"><div class="notebook">
    <div class="notebook_rings"></div>

    
        <p class="text_list">Escribe los productos que necesitas y compra más rápido. Por ejemplo:</p>
        <label class="list_container">
            <textarea id="quickListContent" class="list" onblur="javascript:setQuickList(this)"></textarea>
            <span id="quicklistPlaceHolder" class="placeholder">Sal<br>Paté<br>Cava</span>
        </label>
        <a class="orange_button" title="Buscar productos" href="javascript:void(0);" onclick="searchQuickList();">BUSCAR PRODUCTOS&nbsp;&nbsp;&gt;</a>

        <a class="white_button" title="Mis listas" href="javaScript: void(0);" onclick="javascript:initMiListasFromAsistente();dataLayer.push({event:'event_gtm', category:'acciones usuario', action:'ver mis listas'});">Mis listas</a>
    
</div>

</div>

                        </li>

                        
                            <li class="menu_link_container c01">
                                <span class="menu_link"><a title="Desplegar sección Alimentación" href="javascript:void(0);">Alimentación</a></span>
                                

                                    <div id="c01" name="c01" class="submenu">
                                        <ul class="submenu_container">
                                                    
                                                        

                                                            <li class="submenu_link_container">
                                                                <a class="submenu_link" title="Ir a sección Aceite y vinagre" href="/Alimentacion_Aceite-y-vinagre_c01_cat00020001_cat_es_ES.jsp">Aceite y vinagre</a>
                                                            </li>
                                                        

                                                            <li class="submenu_link_container">
                                                                <a class="submenu_link" title="Ir a sección Sal, salsas y especias" href="/Alimentacion_Sal-salsas-y-especias_c01_cat00020004_cat_es_ES.jsp">Sal, salsas y especias</a>
                                                            </li>
                                                        

                                                            <li class="submenu_link_container">
                                                                <a class="submenu_link" title="Ir a sección Arroz, pasta y legumbres secas" href="/Alimentacion_Arroz-pasta-y-legumbres-secas_c01_cat00090001_cat_es_ES.jsp">Arroz, pasta y legumbres secas</a>
                                                            </li>
                                                        

                                                            <li class="submenu_link_container">
                                                                <a class="submenu_link" title="Ir a sección Panes, harinas y masas" href="/Alimentacion_Panes-harinas-y-masas_c01_cat00190004_cat_es_ES.jsp">Panes, harinas y masas</a>
                                                            </li>
                                                        

                                                            <li class="submenu_link_container">
                                                                <a class="submenu_link" title="Ir a sección Caldos, cremas y purés" href="/Alimentacion_Caldos-cremas-y-pures_c01_cat00260001_cat_es_ES.jsp">Caldos, cremas y purés</a>
                                                            </li>
                                                        

                                                            <li class="submenu_link_container">
                                                                <a class="submenu_link" title="Ir a sección Patatas fritas y snacks" href="/Alimentacion_Patatas-fritas-y-snacks_c01_cat00050006_cat_es_ES.jsp">Patatas fritas y snacks</a>
                                                            </li>
                                                        

                                                            <li class="submenu_link_container">
                                                                <a class="submenu_link" title="Ir a sección Aceitunas y encurtidos" href="/Alimentacion_Aceitunas-y-encurtidos_c01_cat00050001_cat_es_ES.jsp">Aceitunas y encurtidos</a>
                                                            </li>
                                                        

                                                            <li class="submenu_link_container">
                                                                <a class="submenu_link" title="Ir a sección Frutos secos y deshidratados" href="/Alimentacion_Frutos-secos-y-deshidratados_c01_cat00050004_cat_es_ES.jsp">Frutos secos y deshidratados</a>
                                                            </li>
                                                        

                                                            <li class="submenu_link_container">
                                                                <a class="submenu_link" title="Ir a sección Conservas vegetales" href="/Alimentacion_Conservas-vegetales_c01_cat00130003_cat_es_ES.jsp">Conservas vegetales</a>
                                                            </li>
                                                        

                                                            <li class="submenu_link_container">
                                                                <a class="submenu_link" title="Ir a sección Conservas de carne" href="/Alimentacion_Conservas-de-carne_c01_cat00130001_cat_es_ES.jsp">Conservas de carne</a>
                                                            </li>
                                                        

                                                            <li class="submenu_link_container">
                                                                <a class="submenu_link" title="Ir a sección Conservas de pescado y marisco" href="/Alimentacion_Conservas-de-pescado-y-marisco_c01_cat00130002_cat_es_ES.jsp">Conservas de pescado y marisco</a>
                                                            </li>
                                                        

                                                            <li class="submenu_link_container">
                                                                <a class="submenu_link" title="Ir a sección Platos preparados" href="/Alimentacion_Platos-preparados_c01_cat00130008_cat_es_ES.jsp">Platos preparados</a>
                                                            </li>
                                                        

                                                            <li class="submenu_link_container">
                                                                <a class="submenu_link" title="Ir a sección Conservas de fruta" href="/Alimentacion_Conservas-de-fruta_c01_cat00130004_cat_es_ES.jsp">Conservas de fruta</a>
                                                            </li>
                                                        

                                                            <li class="submenu_link_container">
                                                                <a class="submenu_link" title="Ir a sección Dietéticos" href="/Alimentacion_Dieteticos_c01_cat00030001_cat_es_ES.jsp">Dietéticos</a>
                                                            </li>
                                                        
                                                
                                        </ul>

                                    

                                    </div>


                                
                            </li>
                        
                            <li class="menu_link_container c02">
                                <span class="menu_link"><a title="Desplegar sección Mundo placer" href="javascript:void(0);">Mundo placer</a></span>
                                

                                    <div id="c02" name="c02" class="submenu">
                                        <ul class="submenu_container">
                                                    
                                                        

                                                            <li class="submenu_link_container">
                                                                <a class="submenu_link" title="Ir a sección Chocolatinas y snacks" href="/Mundo-placer_Chocolatinas-y-snacks_c02_cat00110003_cat_es_ES.jsp">Chocolatinas y snacks</a>
                                                            </li>
                                                        

                                                            <li class="submenu_link_container">
                                                                <a class="submenu_link" title="Ir a sección Chocolates y bombones" href="/Mundo-placer_Chocolates-y-bombones_c02_cat00110002_cat_es_ES.jsp">Chocolates y bombones</a>
                                                            </li>
                                                        

                                                            <li class="submenu_link_container">
                                                                <a class="submenu_link" title="Ir a sección Cacao y cereales solubles" href="/Mundo-placer_Cacao-y-cereales-solubles_c02_cat00070002_cat_es_ES.jsp">Cacao y cereales solubles</a>
                                                            </li>
                                                        

                                                            <li class="submenu_link_container">
                                                                <a class="submenu_link" title="Ir a sección Café, té e infusiones" href="/Mundo-placer_Cafe-te-e-infusiones_c02_cat00070004_cat_es_ES.jsp">Café, té e infusiones</a>
                                                            </li>
                                                        

                                                            <li class="submenu_link_container">
                                                                <a class="submenu_link" title="Ir a sección Galletas" href="/Mundo-placer_Galletas_c02_cat00090003_cat_es_ES.jsp">Galletas</a>
                                                            </li>
                                                        

                                                            <li class="submenu_link_container">
                                                                <a class="submenu_link" title="Ir a sección Azúcar y edulcorantes" href="/Mundo-placer_Azucar-y-edulcorantes_c02_cat00170001_cat_es_ES.jsp">Azúcar y edulcorantes</a>
                                                            </li>
                                                        

                                                            <li class="submenu_link_container">
                                                                <a class="submenu_link" title="Ir a sección Postres y decoración" href="/Mundo-placer_Postres-y-decoracion_c02_cat00170006_cat_es_ES.jsp">Postres y decoración</a>
                                                            </li>
                                                        

                                                            <li class="submenu_link_container">
                                                                <a class="submenu_link" title="Ir a sección Caramelos y golosinas" href="/Mundo-placer_Caramelos-y-golosinas_c02_cat00170002_cat_es_ES.jsp">Caramelos y golosinas</a>
                                                            </li>
                                                        

                                                            <li class="submenu_link_container">
                                                                <a class="submenu_link" title="Ir a sección Pastelería y bollería" href="/Mundo-placer_Pasteleria-y-bolleria_c02_cat00170005_cat_es_ES.jsp">Pastelería y bollería</a>
                                                            </li>
                                                        

                                                            <li class="submenu_link_container">
                                                                <a class="submenu_link" title="Ir a sección Turrones y pastelería de navidad" href="/Mundo-placer_Turrones-y-pasteleria-de-navidad_c02_cat00170004_cat_es_ES.jsp">Turrones y pastelería de navidad</a>
                                                            </li>
                                                        

                                                            <li class="submenu_link_container">
                                                                <a class="submenu_link" title="Ir a sección Mermeladas y miel" href="/Mundo-placer_Mermeladas-y-miel_c02_cat00130005_cat_es_ES.jsp">Mermeladas y miel</a>
                                                            </li>
                                                        

                                                            <li class="submenu_link_container">
                                                                <a class="submenu_link" title="Ir a sección Cereales y barritas" href="/Mundo-placer_Cereales-y-barritas_c02_cat00090002_cat_es_ES.jsp">Cereales y barritas</a>
                                                            </li>
                                                        
                                                
                                        </ul>

                                    

                                    </div>


                                
                            </li>
                        
                            <li class="menu_link_container c03">
                                <span class="menu_link"><a title="Desplegar sección Frescos" href="javascript:void(0);">Frescos</a></span>
                                

                                    <div id="c03" name="c03" class="submenu">
                                        <ul class="submenu_container">
                                                    
                                                        

                                                            <li class="submenu_link_container">
                                                                <a class="submenu_link" title="Ir a sección Frutas" href="/Frescos_Frutas_c03_cat00150001_cat_es_ES.jsp">Frutas</a>
                                                            </li>
                                                        

                                                            <li class="submenu_link_container">
                                                                <a class="submenu_link" title="Ir a sección Verduras y hortalizas" href="/Frescos_Verduras-y-hortalizas_c03_cat00150002_cat_es_ES.jsp">Verduras y hortalizas</a>
                                                            </li>
                                                        

                                                            <li class="submenu_link_container">
                                                                <a class="submenu_link" title="Ir a sección Pescado y marisco" href="/Frescos_Pescado-y-marisco_c03_cat00290001_cat_es_ES.jsp">Pescado y marisco</a>
                                                            </li>
                                                        

                                                            <li class="submenu_link_container">
                                                                <a class="submenu_link" title="Ir a sección Aves y conejo" href="/Frescos_Aves-y-conejo_c03_cat00080001_cat_es_ES.jsp">Aves y conejo</a>
                                                            </li>
                                                        

                                                            <li class="submenu_link_container">
                                                                <a class="submenu_link" title="Ir a sección Cerdo" href="/Frescos_Cerdo_c03_cat00080002_cat_es_ES.jsp">Cerdo</a>
                                                            </li>
                                                        

                                                            <li class="submenu_link_container">
                                                                <a class="submenu_link" title="Ir a sección Vacuno y potro" href="/Frescos_Vacuno-y-potro_c03_cat00080005_cat_es_ES.jsp">Vacuno y potro</a>
                                                            </li>
                                                        

                                                            <li class="submenu_link_container">
                                                                <a class="submenu_link" title="Ir a sección Cordero y cabrito" href="/Frescos_Cordero-y-cabrito_c03_cat00080003_cat_es_ES.jsp">Cordero y cabrito</a>
                                                            </li>
                                                        

                                                            <li class="submenu_link_container">
                                                                <a class="submenu_link" title="Ir a sección Huevos" href="/Frescos_Huevos_c03_cat00080004_cat_es_ES.jsp">Huevos</a>
                                                            </li>
                                                        

                                                            <li class="submenu_link_container">
                                                                <a class="submenu_link" title="Ir a sección Charcutería" href="/Frescos_Charcuteria_c03_cat00100002_cat_es_ES.jsp">Charcutería</a>
                                                            </li>
                                                        

                                                            <li class="submenu_link_container">
                                                                <a class="submenu_link" title="Ir a sección Quesos" href="/Frescos_Quesos_c03_cat00230001_cat_es_ES.jsp">Quesos</a>
                                                            </li>
                                                        

                                                            <li class="submenu_link_container">
                                                                <a class="submenu_link" title="Ir a sección Ahumados y salazones" href="/Frescos_Ahumados-y-salazones_c03_cat00210010_cat_es_ES.jsp">Ahumados y salazones</a>
                                                            </li>
                                                        
                                                
                                        </ul>

                                    

                                    </div>


                                
                            </li>
                        
                            <li class="menu_link_container c04">
                                <span class="menu_link"><a title="Desplegar sección Refrigerados" href="javascript:void(0);">Refrigerados</a></span>
                                

                                    <div id="c04" name="c04" class="submenu">
                                        <ul class="submenu_container">
                                                    
                                                        

                                                            <li class="submenu_link_container">
                                                                <a class="submenu_link" title="Ir a sección Yogures" href="/Refrigerados_Yogures_c04_cat00210012_cat_es_ES.jsp">Yogures</a>
                                                            </li>
                                                        

                                                            <li class="submenu_link_container">
                                                                <a class="submenu_link" title="Ir a sección Postres y nata" href="/Refrigerados_Postres-y-nata_c04_cat00210009_cat_es_ES.jsp">Postres y nata</a>
                                                            </li>
                                                        

                                                            <li class="submenu_link_container">
                                                                <a class="submenu_link" title="Ir a sección Mantequillas y margarina" href="/Refrigerados_Mantequillas-y-margarina_c04_cat00210006_cat_es_ES.jsp">Mantequillas y margarina</a>
                                                            </li>
                                                        

                                                            <li class="submenu_link_container">
                                                                <a class="submenu_link" title="Ir a sección Bebida Vegetal, batidos y horchata" href="/Refrigerados_Bebida-Vegetal-batidos-y-horchata_c04_cat00210002_cat_es_ES.jsp">Bebida Vegetal, batidos y horchata</a>
                                                            </li>
                                                        

                                                            <li class="submenu_link_container">
                                                                <a class="submenu_link" title="Ir a sección Pasta y salsa fresca" href="/Refrigerados_Pasta-y-salsa-fresca_c04_cat00240005_cat_es_ES.jsp">Pasta y salsa fresca</a>
                                                            </li>
                                                        

                                                            <li class="submenu_link_container">
                                                                <a class="submenu_link" title="Ir a sección Pizzas frescas" href="/Refrigerados_Pizzas-frescas_c04_cat00240006_cat_es_ES.jsp">Pizzas frescas</a>
                                                            </li>
                                                        

                                                            <li class="submenu_link_container">
                                                                <a class="submenu_link" title="Ir a sección Platos preparados refrigerados" href="/Refrigerados_Platos-preparados-refrigerados_c04_cat119009_cat_es_ES.jsp">Platos preparados refrigerados</a>
                                                            </li>
                                                        
                                                
                                        </ul>

                                    

                                    </div>


                                
                            </li>
                        
                            <li class="menu_link_container c05">
                                <span class="menu_link"><a title="Desplegar sección Congelados" href="javascript:void(0);">Congelados</a></span>
                                

                                    <div id="c05" name="c05" class="submenu">
                                        <ul class="submenu_container">
                                                    
                                                        

                                                            <li class="submenu_link_container">
                                                                <a class="submenu_link" title="Ir a sección Verdura congelada" href="/Congelados_Verdura-congelada_c05_cat00120007_cat_es_ES.jsp">Verdura congelada</a>
                                                            </li>
                                                        

                                                            <li class="submenu_link_container">
                                                                <a class="submenu_link" title="Ir a sección Pescado congelado" href="/Congelados_Pescado-congelado_c05_cat00120002_cat_es_ES.jsp">Pescado congelado</a>
                                                            </li>
                                                        

                                                            <li class="submenu_link_container">
                                                                <a class="submenu_link" title="Ir a sección Platos preparados congelados" href="/Congelados_Platos-preparados-congelados_c05_cat00120005_cat_es_ES.jsp">Platos preparados congelados</a>
                                                            </li>
                                                        

                                                            <li class="submenu_link_container">
                                                                <a class="submenu_link" title="Ir a sección Pizzas congeladas y masas" href="/Congelados_Pizzas-congeladas-y-masas_c05_cat00120003_cat_es_ES.jsp">Pizzas congeladas y masas</a>
                                                            </li>
                                                        

                                                            <li class="submenu_link_container">
                                                                <a class="submenu_link" title="Ir a sección Panadería y pastelería congelada" href="/Congelados_Panaderia-y-pasteleria-congelada_c05_cat00120006_cat_es_ES.jsp">Panadería y pastelería congelada</a>
                                                            </li>
                                                        

                                                            <li class="submenu_link_container">
                                                                <a class="submenu_link" title="Ir a sección Helados" href="/Congelados_Helados_c05_cat00120001_cat_es_ES.jsp">Helados</a>
                                                            </li>
                                                        

                                                            <li class="submenu_link_container">
                                                                <a class="submenu_link" title="Ir a sección Hielo y otros congelados" href="/Congelados_Hielo-y-otros-congelados_c05_cat00120004_cat_es_ES.jsp">Hielo y otros congelados</a>
                                                            </li>
                                                        
                                                
                                        </ul>

                                    

                                    </div>


                                
                            </li>
                        
                            <li class="menu_link_container c06">
                                <span class="menu_link"><a title="Desplegar sección Bodega" href="javascript:void(0);">Bodega</a></span>
                                

                                    <div id="c06" name="c06" class="submenu">
                                        <ul class="submenu_container">
                                                    
                                                        

                                                            <li class="submenu_link_container">
                                                                <a class="submenu_link" title="Ir a sección Vinos tintos" href="/Bodega_Vinos-tintos_c06_cat00220005_cat_es_ES.jsp">Vinos tintos</a>
                                                            </li>
                                                        

                                                            <li class="submenu_link_container">
                                                                <a class="submenu_link" title="Ir a sección Vinos blancos" href="/Bodega_Vinos-blancos_c06_cat00220004_cat_es_ES.jsp">Vinos blancos</a>
                                                            </li>
                                                        

                                                            <li class="submenu_link_container">
                                                                <a class="submenu_link" title="Ir a sección Vinos rosados" href="/Bodega_Vinos-rosados_c06_cat00270002_cat_es_ES.jsp">Vinos rosados</a>
                                                            </li>
                                                        

                                                            <li class="submenu_link_container">
                                                                <a class="submenu_link" title="Ir a sección Finos, moscateles y vermuts" href="/Bodega_Finos-moscateles-y-vermuts_c06_cat00270003_cat_es_ES.jsp">Finos, moscateles y vermuts</a>
                                                            </li>
                                                        

                                                            <li class="submenu_link_container">
                                                                <a class="submenu_link" title="Ir a sección Vino de mesa y sangrías" href="/Bodega_Vino-de-mesa-y-sangrias_c06_cat00050009_cat_es_ES.jsp">Vino de mesa y sangrías</a>
                                                            </li>
                                                        

                                                            <li class="submenu_link_container">
                                                                <a class="submenu_link" title="Ir a sección Cava, champán y sidra" href="/Bodega_Cava-champan-y-sidra_c06_cat00220001_cat_es_ES.jsp">Cava, champán y sidra</a>
                                                            </li>
                                                        

                                                            <li class="submenu_link_container">
                                                                <a class="submenu_link" title="Ir a sección Licores" href="/Bodega_Licores_c06_cat00220002_cat_es_ES.jsp">Licores</a>
                                                            </li>
                                                        
                                                
                                        </ul>

                                    

                                    </div>


                                
                            </li>
                        
                            <li class="menu_link_container c07">
                                <span class="menu_link"><a title="Desplegar sección Bebidas" href="javascript:void(0);">Bebidas</a></span>
                                

                                    <div id="c07" name="c07" class="submenu">
                                        <ul class="submenu_container">
                                                    
                                                        

                                                            <li class="submenu_link_container">
                                                                <a class="submenu_link" title="Ir a sección Aguas y gaseosas" href="/Bebidas_Aguas-y-gaseosas_c07_cat00280001_cat_es_ES.jsp">Aguas y gaseosas</a>
                                                            </li>
                                                        

                                                            <li class="submenu_link_container">
                                                                <a class="submenu_link" title="Ir a sección Energéticas e isotónicas" href="/Bebidas_Energeticas-e-isotonicas_c07_cat00280004_cat_es_ES.jsp">Energéticas e isotónicas</a>
                                                            </li>
                                                        

                                                            <li class="submenu_link_container">
                                                                <a class="submenu_link" title="Ir a sección Zumos y cafés" href="/Bebidas_Zumos-y-cafes_c07_cat00280003_cat_es_ES.jsp">Zumos y cafés</a>
                                                            </li>
                                                        

                                                            <li class="submenu_link_container">
                                                                <a class="submenu_link" title="Ir a sección Bebida Vegetal, batidos y horchata" href="/Bebidas_Bebida-Vegetal-batidos-y-horchata_c07_cat00210002_cat_es_ES.jsp">Bebida Vegetal, batidos y horchata</a>
                                                            </li>
                                                        

                                                            <li class="submenu_link_container">
                                                                <a class="submenu_link" title="Ir a sección Leche" href="/Bebidas_Leche_c07_cat00210003_cat_es_ES.jsp">Leche</a>
                                                            </li>
                                                        

                                                            <li class="submenu_link_container">
                                                                <a class="submenu_link" title="Ir a sección Refrescos" href="/Bebidas_Refrescos_c07_cat00280002_cat_es_ES.jsp">Refrescos</a>
                                                            </li>
                                                        

                                                            <li class="submenu_link_container">
                                                                <a class="submenu_link" title="Ir a sección Cervezas" href="/Bebidas_Cervezas_c07_cat00270001_cat_es_ES.jsp">Cervezas</a>
                                                            </li>
                                                        
                                                
                                        </ul>

                                    

                                    </div>


                                
                            </li>
                        
                            <li class="menu_link_container c08">
                                <span class="menu_link"><a title="Desplegar sección Perfumeria e higiene" href="javascript:void(0);">Perfumeria e higiene</a></span>
                                

                                    <div id="c08" name="c08" class="submenu">
                                        <ul class="submenu_container">
                                                    
                                                        

                                                            <li class="submenu_link_container">
                                                                <a class="submenu_link" title="Ir a sección Productos capilares" href="/Perfumeria-e-higiene_Productos-capilares_c08_cat00160007_cat_es_ES.jsp">Productos capilares</a>
                                                            </li>
                                                        

                                                            <li class="submenu_link_container">
                                                                <a class="submenu_link" title="Ir a sección Productos corporales" href="/Perfumeria-e-higiene_Productos-corporales_c08_cat00160008_cat_es_ES.jsp">Productos corporales</a>
                                                            </li>
                                                        

                                                            <li class="submenu_link_container">
                                                                <a class="submenu_link" title="Ir a sección Desodorantes" href="/Perfumeria-e-higiene_Desodorantes_c08_cat00160004_cat_es_ES.jsp">Desodorantes</a>
                                                            </li>
                                                        

                                                            <li class="submenu_link_container">
                                                                <a class="submenu_link" title="Ir a sección Colonias y perfumes" href="/Perfumeria-e-higiene_Colonias-y-perfumes_c08_cat00160001_cat_es_ES.jsp">Colonias y perfumes</a>
                                                            </li>
                                                        

                                                            <li class="submenu_link_container">
                                                                <a class="submenu_link" title="Ir a sección Productos de afeitado" href="/Perfumeria-e-higiene_Productos-de-afeitado_c08_cat00160009_cat_es_ES.jsp">Productos de afeitado</a>
                                                            </li>
                                                        

                                                            <li class="submenu_link_container">
                                                                <a class="submenu_link" title="Ir a sección Cosméticos" href="/Perfumeria-e-higiene_Cosmeticos_c08_cat00160003_cat_es_ES.jsp">Cosméticos</a>
                                                            </li>
                                                        

                                                            <li class="submenu_link_container">
                                                                <a class="submenu_link" title="Ir a sección Higiene bucal" href="/Perfumeria-e-higiene_Higiene-bucal_c08_cat00160005_cat_es_ES.jsp">Higiene bucal</a>
                                                            </li>
                                                        

                                                            <li class="submenu_link_container">
                                                                <a class="submenu_link" title="Ir a sección Parafarmacia" href="/Perfumeria-e-higiene_Parafarmacia_c08_cat00010012_cat_es_ES.jsp">Parafarmacia</a>
                                                            </li>
                                                        

                                                            <li class="submenu_link_container">
                                                                <a class="submenu_link" title="Ir a sección Higiene femenina" href="/Perfumeria-e-higiene_Higiene-femenina_c08_cat00160006_cat_es_ES.jsp">Higiene femenina</a>
                                                            </li>
                                                        

                                                            <li class="submenu_link_container">
                                                                <a class="submenu_link" title="Ir a sección Productos solares" href="/Perfumeria-e-higiene_Productos-solares_c08_cat00160010_cat_es_ES.jsp">Productos solares</a>
                                                            </li>
                                                        

                                                            <li class="submenu_link_container">
                                                                <a class="submenu_link" title="Ir a sección Depilación" href="/Perfumeria-e-higiene_Depilacion_c08_cat00160011_cat_es_ES.jsp">Depilación</a>
                                                            </li>
                                                        
                                                
                                        </ul>

                                    

                                    </div>


                                
                            </li>
                        
                            <li class="menu_link_container c09">
                                <span class="menu_link"><a title="Desplegar sección Limpieza y hogar" href="javascript:void(0);">Limpieza y hogar</a></span>
                                

                                    <div id="c09" name="c09" class="submenu">
                                        <ul class="submenu_container">
                                                    
                                                        

                                                            <li class="submenu_link_container">
                                                                <a class="submenu_link" title="Ir a sección Lavado de la ropa y planchado" href="/Limpieza-y-hogar_Lavado-de-la-ropa-y-planchado_c09_cat00140002_cat_es_ES.jsp">Lavado de la ropa y planchado</a>
                                                            </li>
                                                        

                                                            <li class="submenu_link_container">
                                                                <a class="submenu_link" title="Ir a sección Lejías y otros desinfectantes" href="/Limpieza-y-hogar_Lejias-y-otros-desinfectantes_c09_cat00140005_cat_es_ES.jsp">Lejías y otros desinfectantes</a>
                                                            </li>
                                                        

                                                            <li class="submenu_link_container">
                                                                <a class="submenu_link" title="Ir a sección Limpiahogares" href="/Limpieza-y-hogar_Limpiahogares_c09_cat00010009_cat_es_ES.jsp">Limpiahogares</a>
                                                            </li>
                                                        

                                                            <li class="submenu_link_container">
                                                                <a class="submenu_link" title="Ir a sección Utensilios de limpieza" href="/Limpieza-y-hogar_Utensilios-de-limpieza_c09_cat00010001_cat_es_ES.jsp">Utensilios de limpieza</a>
                                                            </li>
                                                        

                                                            <li class="submenu_link_container">
                                                                <a class="submenu_link" title="Ir a sección Lavavajillas" href="/Limpieza-y-hogar_Lavavajillas_c09_cat00140004_cat_es_ES.jsp">Lavavajillas</a>
                                                            </li>
                                                        

                                                            <li class="submenu_link_container">
                                                                <a class="submenu_link" title="Ir a sección Ambientadores" href="/Limpieza-y-hogar_Ambientadores_c09_cat00140001_cat_es_ES.jsp">Ambientadores</a>
                                                            </li>
                                                        

                                                            <li class="submenu_link_container">
                                                                <a class="submenu_link" title="Ir a sección Insecticidas" href="/Limpieza-y-hogar_Insecticidas_c09_cat00140003_cat_es_ES.jsp">Insecticidas</a>
                                                            </li>
                                                        

                                                            <li class="submenu_link_container">
                                                                <a class="submenu_link" title="Ir a sección Celulosa, plástico y artículos deshechables" href="/Limpieza-y-hogar_Celulosa-plastico-y-articulos-deshechables_c09_cat00010005_cat_es_ES.jsp">Celulosa, plástico y artículos deshechables</a>
                                                            </li>
                                                        

                                                            <li class="submenu_link_container">
                                                                <a class="submenu_link" title="Ir a sección Básicos en el hogar" href="/Limpieza-y-hogar_Basicos-en-el-hogar_c09_cat00010004_cat_es_ES.jsp">Básicos en el hogar</a>
                                                            </li>
                                                        

                                                            <li class="submenu_link_container">
                                                                <a class="submenu_link" title="Ir a sección Básicos en la cocina" href="/Limpieza-y-hogar_Basicos-en-la-cocina_c09_cat00010010_cat_es_ES.jsp">Básicos en la cocina</a>
                                                            </li>
                                                        

                                                            <li class="submenu_link_container">
                                                                <a class="submenu_link" title="Ir a sección Jardinería y barbacoa" href="/Limpieza-y-hogar_Jardineria-y-barbacoa_c09_cat00010003_cat_es_ES.jsp">Jardinería y barbacoa</a>
                                                            </li>
                                                        
                                                
                                        </ul>

                                    

                                    </div>


                                
                            </li>
                        
                            <li class="menu_link_container c10">
                                <span class="menu_link"><a title="Desplegar sección Mundo bebe" href="javascript:void(0);">Mundo bebe</a></span>
                                

                                    <div id="c10" name="c10" class="submenu">
                                        <ul class="submenu_container">
                                                    
                                                        

                                                            <li class="submenu_link_container">
                                                                <a class="submenu_link" title="Ir a sección Pañales y toallitas" href="/Mundo-bebe_Panales-y-toallitas_c10_cat00060004_cat_es_ES.jsp">Pañales y toallitas</a>
                                                            </li>
                                                        

                                                            <li class="submenu_link_container">
                                                                <a class="submenu_link" title="Ir a sección Higiene y perfumería infantil" href="/Mundo-bebe_Higiene-y-perfumeria-infantil_c10_cat00060006_cat_es_ES.jsp">Higiene y perfumería infantil</a>
                                                            </li>
                                                        

                                                            <li class="submenu_link_container">
                                                                <a class="submenu_link" title="Ir a sección Potitos y platos infantiles" href="/Mundo-bebe_Potitos-y-platos-infantiles_c10_cat00060001_cat_es_ES.jsp">Potitos y platos infantiles</a>
                                                            </li>
                                                        

                                                            <li class="submenu_link_container">
                                                                <a class="submenu_link" title="Ir a sección Papillas" href="/Mundo-bebe_Papillas_c10_cat00060005_cat_es_ES.jsp">Papillas</a>
                                                            </li>
                                                        

                                                            <li class="submenu_link_container">
                                                                <a class="submenu_link" title="Ir a sección Leche, yogur i agua infantil" href="/Mundo-bebe_Leche-yogur-i-agua-infantil_c10_cat00060003_cat_es_ES.jsp">Leche, yogur i agua infantil</a>
                                                            </li>
                                                        
                                                
                                        </ul>

                                    

                                    </div>


                                
                            </li>
                        
                            <li class="menu_link_container c11">
                                <span class="menu_link"><a title="Desplegar sección Mundo mascota" href="javascript:void(0);">Mundo mascota</a></span>
                                

                                    <div id="c11" name="c11" class="submenu">
                                        <ul class="submenu_container">
                                                    
                                                        

                                                            <li class="submenu_link_container">
                                                                <a class="submenu_link" title="Ir a sección Alimentos para perros" href="/Mundo-mascota_Alimentos-para-perros_c11_cat00040004_cat_es_ES.jsp">Alimentos para perros</a>
                                                            </li>
                                                        

                                                            <li class="submenu_link_container">
                                                                <a class="submenu_link" title="Ir a sección Alimentos para gatos" href="/Mundo-mascota_Alimentos-para-gatos_c11_cat00040002_cat_es_ES.jsp">Alimentos para gatos</a>
                                                            </li>
                                                        

                                                            <li class="submenu_link_container">
                                                                <a class="submenu_link" title="Ir a sección Alimentos para otros animales" href="/Mundo-mascota_Alimentos-para-otros-animales_c11_cat00040005_cat_es_ES.jsp">Alimentos para otros animales</a>
                                                            </li>
                                                        

                                                            <li class="submenu_link_container">
                                                                <a class="submenu_link" title="Ir a sección Accesorios para animales" href="/Mundo-mascota_Accesorios-para-animales_c11_cat00040001_cat_es_ES.jsp">Accesorios para animales</a>
                                                            </li>
                                                        
                                                
                                        </ul>

                                    

                                    </div>


                                
                            </li>
                        
                    </ul>
                </nav>
</div></header>




        <main id="main_container" class="main_container" itemprop="mainContentOfPage">
            
                <div class="content_container">

    <div class="top_container">
        <span class="breadcrumbs">Estás en: Alimentación &gt; Sal, salsas y especias</span>
        <h1 class="title">Sal, salsas y especias</h1>
        <label class="order_container">
            Ordenar por:
            <select name="sorting" id="sorting" onchange="changeSortingCriteria(this, false)">
                <option value="relevance">Relevancia</option>
                <option value="alpha">Nombre</option>
                <option value="price">Precio</option>
            </select>
        </label>
    </div>

    
        <aside class="banner_container">
            
                
                    <a class="banner_link" title="Coca-Cola en promoción" href="/banner?catId=cat132002&amp;title=Coca-Cola en promoci%F3n&amp;source=banner">
                
            

             <img class="banner" alt="Coca-Cola en promoción" src="//static.condisline.com/resize_708x108/images/banners/upselling/cocacola/cocacola/may2025_1_es.jpg">

            
                </a>
            
        </aside>
    

    

<aside class="filter_section" style="display: block; margin-top: -205px; position: static;">
    
        <input type="hidden" id="famId" value="cat00020004">
    

    
        <input type="hidden" id="secId" value="c01">
    

    <!--OTROS FILTROS-->
    
        <div class="filter_container">
            <div class="title_filter_container">
                <span class="title_filter">FILTROS</span>
            </div>
            
                <label class="check_container filters gluten">
                    <input type="checkbox" name="noGluten" id="noGluten" onclick="javascript:setOtherFilter(this, 'noGluten', false)">
                    Sin Gluten <span>(42)</span>
                </label>
            
            
                <label class="check_container filters lactose">
                    <input type="checkbox" name="noLactose" id="noLactose" onclick="javascript:setOtherFilter(this, 'noLactose', false)">
                    Sin Lactosa <span>(3)</span>
                </label>
            
            
                <label class="check_container filters promotion">
                    <input type="checkbox" name="onPromotion" id="onPromotion" onclick="javascript:setOtherFilter(this, 'onPromotion', false)">
                    Promociones <span>(5)</span>
                </label>
            
            
            
                <label class="check_container filters condisBrand">
                    <input type="checkbox" name="condisBrand" id="condisBrand" onclick="javascript:setOtherFilter(this, 'condisBrand', false)">
                    Marca Propia <span>(37)</span>
                </label>
            
            <!--
            
                <label class="check_container">
                    <input type="checkbox" name="on_sale_filter" id="on_sale_filter" onclick="javascript:setOtherFilter(this, 'on_sale_filter', false)">
                    Oferta <span>(15)</span>
                </label>
            
            -->
        </div>
    

    <!--Variedad-->
    
        <div class="filter_container">
            <div class="title_filter_container">
                <h2 class="title_filter">VARIEDAD</h2>
            </div>

            

                <label class="check_container">
                    <input type="checkbox" name="cat000200020010" id="cat000200020010" onclick="javascript:setVariety(this, 'cat000200020010', false)">
                    Especies y azafán <span>(37)</span>
                </label>
            

                <label class="check_container">
                    <input type="checkbox" name="cat000200040014" id="cat000200040014" onclick="javascript:setVariety(this, 'cat000200040014', false)">
                    Tomate frito <span>(26)</span>
                </label>
            

                <label class="check_container">
                    <input type="checkbox" name="cat000200040011" id="cat000200040011" onclick="javascript:setVariety(this, 'cat000200040011', false)">
                    Salsas para cocinar <span>(24)</span>
                </label>
            

                <label class="check_container">
                    <input type="checkbox" name="cat000200040004" id="cat000200040004" onclick="javascript:setVariety(this, 'cat000200040004', false)">
                    Mayonesa y all-i-oli <span>(22)</span>
                </label>
            

                <label class="check_container">
                    <input type="checkbox" name="cat000200040012" id="cat000200040012" onclick="javascript:setVariety(this, 'cat000200040012', false)">
                    Resto de salsas <span>(18)</span>
                </label>
            

                <label class="check_container">
                    <input type="checkbox" name="cat000200040005" id="cat000200040005" onclick="javascript:setVariety(this, 'cat000200040005', false)">
                    Ketchup y mostaza <span>(17)</span>
                </label>
            

                <label class="check_container">
                    <input type="checkbox" name="cat000200020011" id="cat000200020011" onclick="javascript:setVariety(this, 'cat000200020011', false)">
                    Sazonadores y preparados <span>(16)</span>
                </label>
            

                <label class="check_container">
                    <input type="checkbox" name="cat000200020009" id="cat000200020009" onclick="javascript:setVariety(this, 'cat000200020009', false)">
                    Perejil y hierbas aromáticas <span>(14)</span>
                </label>
            

                <label class="check_container">
                    <input type="checkbox" name="cat000200030002" id="cat000200030002" onclick="javascript:setVariety(this, 'cat000200030002', false)">
                    Sal y bicarbonato <span>(14)</span>
                </label>
            

                <label class="check_container">
                    <input type="checkbox" name="cat000200040013" id="cat000200040013" onclick="javascript:setVariety(this, 'cat000200040013', false)">
                    Salsa rosa, brava y barbacoa <span>(7)</span>
                </label>
            
        </div>
    

    <!--Marca -->
    
        <div class="filter_container">
            <div class="title_filter_container">
                <h2 class="title_filter">MARCAS</h2>
            </div>

            
                <label class="check_container">
                    <input type="checkbox" name="46" id="46" onclick="javascript:setBrand(this, '46', false)">
                    ALFONSO TORRES <span>(1)</span>
                </label>
            
                <label class="check_container">
                    <input type="checkbox" name="2837" id="2837" onclick="javascript:setBrand(this, '2837', false)">
                    ALTEZA <span>(1)</span>
                </label>
            
                <label class="check_container">
                    <input type="checkbox" name="129" id="129" onclick="javascript:setBrand(this, '129', false)">
                    BARILLA <span>(2)</span>
                </label>
            
                <label class="check_container">
                    <input type="checkbox" name="158" id="158" onclick="javascript:setBrand(this, '158', false)">
                    BO DE DEBÒ <span>(1)</span>
                </label>
            
                <label class="check_container">
                    <input type="checkbox" name="2442" id="2442" onclick="javascript:setBrand(this, '2442', false)">
                    BULL'S-EYE <span>(1)</span>
                </label>
            
                <label class="check_container">
                    <input type="checkbox" name="216" id="216" onclick="javascript:setBrand(this, '216', false)">
                    CALVÉ <span>(1)</span>
                </label>
            
                <label class="check_container">
                    <input type="checkbox" name="238" id="238" onclick="javascript:setBrand(this, '238', false)">
                    CARBONELL <span>(1)</span>
                </label>
            
                <label class="check_container">
                    <input type="checkbox" name="1910" id="1910" onclick="javascript:setBrand(this, '1910', false)">
                    CASA AMELLA <span>(2)</span>
                </label>
            
                <label class="check_container">
                    <input type="checkbox" name="2756" id="2756" onclick="javascript:setBrand(this, '2756', false)">
                    CELORRIO <span>(1)</span>
                </label>
            
                <label class="check_container">
                    <input type="checkbox" name="301" id="301" onclick="javascript:setBrand(this, '301', false)">
                    CHOVI <span>(5)</span>
                </label>
            
                <label class="check_container">
                    <input type="checkbox" name="2048" id="2048" onclick="javascript:setBrand(this, '2048', false)">
                    CIRIO <span>(1)</span>
                </label>
            
                <label class="check_container">
                    <input type="checkbox" name="330" id="330" onclick="javascript:setBrand(this, '330', false)">
                    CONDIS <span>(35)</span>
                </label>
            
                <label class="check_container">
                    <input type="checkbox" name="504" id="504" onclick="javascript:setBrand(this, '504', false)">
                    COOSUR <span>(1)</span>
                </label>
            
                <label class="check_container">
                    <input type="checkbox" name="2548" id="2548" onclick="javascript:setBrand(this, '2548', false)">
                    COSTA BRAVA <span>(1)</span>
                </label>
            
                <label class="check_container">
                    <input type="checkbox" name="543" id="543" onclick="javascript:setBrand(this, '543', false)">
                    DANI <span>(44)</span>
                </label>
            
                <label class="check_container">
                    <input type="checkbox" name="1964" id="1964" onclick="javascript:setBrand(this, '1964', false)">
                    ECO CESTA <span>(1)</span>
                </label>
            
                <label class="check_container">
                    <input type="checkbox" name="679" id="679" onclick="javascript:setBrand(this, '679', false)">
                    FELIUBADALÓ <span>(1)</span>
                </label>
            
                <label class="check_container">
                    <input type="checkbox" name="681" id="681" onclick="javascript:setBrand(this, '681', false)">
                    FERRER <span>(8)</span>
                </label>
            
                <label class="check_container">
                    <input type="checkbox" name="747" id="747" onclick="javascript:setBrand(this, '747', false)">
                    GALLINA BLANCA <span>(3)</span>
                </label>
            
                <label class="check_container">
                    <input type="checkbox" name="750" id="750" onclick="javascript:setBrand(this, '750', false)">
                    GALLO <span>(8)</span>
                </label>
            
                <label class="check_container">
                    <input type="checkbox" name="333" id="333" onclick="javascript:setBrand(this, '333', false)">
                    HEINZ <span>(8)</span>
                </label>
            
                <label class="check_container">
                    <input type="checkbox" name="336" id="336" onclick="javascript:setBrand(this, '336', false)">
                    HELLMANN'S <span>(6)</span>
                </label>
            
                <label class="check_container">
                    <input type="checkbox" name="423" id="423" onclick="javascript:setBrand(this, '423', false)">
                    KIKKOMAN <span>(2)</span>
                </label>
            
                <label class="check_container">
                    <input type="checkbox" name="1236" id="1236" onclick="javascript:setBrand(this, '1236', false)">
                    KRAFT <span>(1)</span>
                </label>
            
                <label class="check_container">
                    <input type="checkbox" name="1358" id="1358" onclick="javascript:setBrand(this, '1358', false)">
                    LIGERESA <span>(3)</span>
                </label>
            
                <label class="check_container">
                    <input type="checkbox" name="1373" id="1373" onclick="javascript:setBrand(this, '1373', false)">
                    LP <span>(1)</span>
                </label>
            
                <label class="check_container">
                    <input type="checkbox" name="1398" id="1398" onclick="javascript:setBrand(this, '1398', false)">
                    MAILLE <span>(2)</span>
                </label>
            
                <label class="check_container">
                    <input type="checkbox" name="1401" id="1401" onclick="javascript:setBrand(this, '1401', false)">
                    MALDON <span>(1)</span>
                </label>
            
                <label class="check_container">
                    <input type="checkbox" name="1547" id="1547" onclick="javascript:setBrand(this, '1547', false)">
                    NESTLÉ <span>(1)</span>
                </label>
            
                <label class="check_container">
                    <input type="checkbox" name="1573" id="1573" onclick="javascript:setBrand(this, '1573', false)">
                    OLD EL PASO <span>(4)</span>
                </label>
            
                <label class="check_container">
                    <input type="checkbox" name="1590" id="1590" onclick="javascript:setBrand(this, '1590', false)">
                    ORLANDO <span>(6)</span>
                </label>
            
                <label class="check_container">
                    <input type="checkbox" name="842" id="842" onclick="javascript:setBrand(this, '842', false)">
                    PRIMA <span>(7)</span>
                </label>
            
                <label class="check_container">
                    <input type="checkbox" name="854" id="854" onclick="javascript:setBrand(this, '854', false)">
                    PRÉSIDENT <span>(2)</span>
                </label>
            
                <label class="check_container">
                    <input type="checkbox" name="934" id="934" onclick="javascript:setBrand(this, '934', false)">
                    SAL COSTA <span>(7)</span>
                </label>
            
                <label class="check_container">
                    <input type="checkbox" name="0" id="0" onclick="javascript:setBrand(this, '0', false)">
                    SIN MARCA <span>(9)</span>
                </label>
            
                <label class="check_container">
                    <input type="checkbox" name="1008" id="1008" onclick="javascript:setBrand(this, '1008', false)">
                    SOLÍS <span>(9)</span>
                </label>
            
                <label class="check_container">
                    <input type="checkbox" name="1033" id="1033" onclick="javascript:setBrand(this, '1033', false)">
                    TABASCO <span>(1)</span>
                </label>
            
                <label class="check_container">
                    <input type="checkbox" name="1195" id="1195" onclick="javascript:setBrand(this, '1195', false)">
                    YBARRA <span>(3)</span>
                </label>
            
                <label class="check_container">
                    <input type="checkbox" name="2543" id="2543" onclick="javascript:setBrand(this, '2543', false)">
                    ZANUY <span>(3)</span>
                </label>
            
        </div>
    

    <!--PRECIO-->
    
        <div class="filter_container">
            <span class="title_filter">PRECIO</span>
            
                <div id="range_slider" class="ui-slider ui-slider-horizontal ui-widget ui-widget-content ui-corner-all"><div class="ui-slider-range ui-widget-header ui-corner-all" style="left: 0%; width: 100%;"></div><span class="ui-slider-handle ui-state-default ui-corner-all" tabindex="0" style="left: 0%;"></span><span class="ui-slider-handle ui-state-default ui-corner-all" tabindex="0" style="left: 100%;"></span></div>
                    <span id="min_price" class="price min">0.35€</span>
                    <span id="max_price" class="price max">6.79€</span>
                    <input id="max_init_price" type="hidden" value="6.79">
                    <input id="min_init_price" type="hidden" value="0.35">
                    <input id="max_price_slide" type="hidden" value="6.79">
                    <input id="min_price_slide" type="hidden" value="0.35">
            
        </div>
    

    <!-- KCALORIAS -->
    
        <div class="filter_container">
            <span class="title_filter">KCAL</span>

            
                <div class="slider_container">
                    <div id="slider_bar" class="slider_range" style="width: 100%;">
                        <span id="kcal" class="selected_kcal">769</span>
                    </div>

                    <img class="slider_mask" alt="Control deslizante" src="//static.condisline.com/static-app/j2_233f/images/slider-mask.png" width="183">
                    <div id="slider" class="ui-slider ui-slider-horizontal ui-widget ui-widget-content ui-corner-all"><span class="ui-slider-handle ui-state-default ui-corner-all" tabindex="0" style="left: 100%;"></span></div>
                </div>

                <span id="min_kal" class="kcal min">0.0</span>
                <span id="max_kal" class="kcal max">769.0</span>

                <input id="min_kcal_slide" type="hidden" value="0.0">
                <input id="max_kcal_slide" type="hidden" value="769.0">
                <input id="max_init_kcal" type="hidden" value="769.0">
            

        </div>
    


</aside>

    <section id="articles_section" class="articles_section">
        <div id="articles_section_div" class="articles_scroll">
            <script>
    
        window.position = 1;
    

    
        window.moreProducts = true;
    

    window.actualPage = 0;

</script>

<script>
    startFiltersAndNotebook();
</script>


    <ul id="carousel_articles" class="articles_list" itemscope="" itemtype="http://schema.org/ItemList">
        
            <li class="article" itemprop="itemListElement" itemscope="" itemtype="http://schema.org/Product">
                
    <article class="article_container" id="item_description_524085">


    
        <a class="article_name" title="Ver ficha de TOMATE SOLIS FRITO ARTESANO 350 G" href="/TOMATE-SOLIS-FRITO-ARTESANO-350-G_524085_prd_es_ES.jsp" itemprop="url"><span itemprop="name" id="description_text">TOMATE SOLIS FRITO ARTESANO 350 G</span></a>
    

        <!--informacion de gluten y calorias -->
        <div class="info_container">

            
                <span class="calories">167 <span>kcal</span></span>
                <a class="info" title="Producto con 167 kilocalorías" href="javascript:void(0);">
                    <span class="info_text">Producto con 167 kilocalorías.</span>
                </a>
            

            
                
                    <img class="info_icon" alt="10% Descuento para suscriptores Condisline Prime" src="//static.condisline.com/resize_39x39/images/product_icons/icon_subscription.png" width="39" height="39">

                    
                        <a class="info" title="10% Descuento para suscriptores Condisline Prime" href="javascript:void(0);">
                            <span class="info_text">10% Descuento para suscriptores Condisline Prime</span>
                        </a>
                    
                
            
        </div>

        <img class="article_image" alt="TOMATE SOLIS FRITO ARTESANO 350 G" data-original="//static.condisline.com/resize_190x200/images/catalog/large/524085.jpg" src="//static.condisline.com/resize_190x200/images/catalog/large/524085.jpg" width="190" height="200" style="display: block;">

        <meta itemprop="image" content="//static.condisline.com/resize_190x200/images/catalog/large/524085.jpg">

        <div class="article_price_container" itemprop="offers" itemscope="" itemtype="http://schema.org/Offer">

            <!-- Price -->
            
                
                    <span class="offer">Segunda Unidad 50%</span>
                
                <span class="article_price" itemprop="price"><span id="list_price_524085">2,29</span></span>
                <span class="currency">€</span>
                <script>
                    formatNumber('2.29', 'list_price_524085');
                </script>
            

            <meta itemprop="priceCurrency" content="EUR">
            <div class="unit_container">
                
                    <a class="substract_button" title="Menos" href="javascript:void(0);">-</a>
                
                <label class="quantity_container">
                    
                        
                            <input class="input_quantity_product" id="item_quantity_524085" type="number" data-product="524085" value="" min="1" max="999" required="" autocomplete="off">
                        
                    
                </label>
                
                    <a class="add_button" title="Más" href="javascript:void(0);">+</a>
                    <a class="added_tick" title="Cambiar unidades" href="javascript:void(0);"></a>
                
            </div>

            
                
                    <div class="article_pum">
                        <span>      6,54€/Kilo</span>
                    </div>
                
            

            
                
                    <a data-product-id="524085" class="orange_button btn_add2cart" title="Añadir al carrito" onclick="dataLayer.push({event: 'event_gtm',category:'acciones usuario', action:'a�adir producto desde listado'})" href="javascript:addToCartFromItemList('524085')">AÑADIR AL CARRITO &gt;</a>
                
            
            <span class="added_button">En carrito</span>

            
            
            <a class="white_button" title="Añadir a mi lista" href="javascript:addToListFromItemList('524085')" onclick="dataLayer.push({event: 'event_gtm',category:'acciones usuario', action:'a�adir producto a lista'});">Añadir a mi lista</a>
            
            
        </div>

        
            <a class="article_link" title="Ver ficha de TOMATE SOLIS FRITO ARTESANO 350 G" href="/TOMATE-SOLIS-FRITO-ARTESANO-350-G_524085_prd_es_ES.jsp" onclick="javascript:callingTaggingEnpoints('')" itemprop="url"></a>
        
        <div class="hover_container">
            <div class="hover">
                <div class="info_symbol"></div>
            </div>
        </div>

        
            <img width="116" height="114" src="//static.condisline.com/resize_128x128/images/product_icons_corner/promocion_50.png" alt="Segunda Unidad 50% descuento" class="promotion_image">
        

        
        <!-- <a class="more_info" title="Más información sobre la promoción" href="javascript:void(0);"> -->
        <a class="more_info" href="javascript:void(0);">
            <span class="tooltip">
                Segunda Unidad 50% descuento
                <span class="arrow"></span>
            </span>
        </a>
        
    </article>
            </li>
        
            <li class="article" itemprop="itemListElement" itemscope="" itemtype="http://schema.org/Product">
                
    <article class="article_container" id="item_description_524067">


    
        <a class="article_name" title="Ver ficha de TOMATE FRITO ORLANDO ACEITE DE OLIVA BRICK 350 G" href="/TOMATE-FRITO-ORLANDO-ACEITE-DE-OLIVA-BRICK-350-G_524067_prd_es_ES.jsp" itemprop="url"><span itemprop="name" id="description_text">TOMATE FRITO ORLANDO ACEITE DE OLIVA BRICK 350 G</span></a>
    

        <!--informacion de gluten y calorias -->
        <div class="info_container">

            
                <span class="calories">72 <span>kcal</span></span>
                <a class="info" title="Producto con 72 kilocalorías" href="javascript:void(0);">
                    <span class="info_text">Producto con 72 kilocalorías.</span>
                </a>
            

            
                
                    <img class="info_icon" alt="10% Descuento para suscriptores Condisline Prime" src="//static.condisline.com/resize_39x39/images/product_icons/icon_subscription.png" width="39" height="39">

                    
                        <a class="info" title="10% Descuento para suscriptores Condisline Prime" href="javascript:void(0);">
                            <span class="info_text">10% Descuento para suscriptores Condisline Prime</span>
                        </a>
                    
                
            
        </div>

        <img class="article_image" alt="TOMATE FRITO ORLANDO ACEITE DE OLIVA BRICK 350 G" data-original="//static.condisline.com/resize_190x200/images/catalog/large/524067.jpg" src="//static.condisline.com/resize_190x200/images/catalog/large/524067.jpg" width="190" height="200" style="display: block;">

        <meta itemprop="image" content="//static.condisline.com/resize_190x200/images/catalog/large/524067.jpg">

        <div class="article_price_container" itemprop="offers" itemscope="" itemtype="http://schema.org/Offer">

            <!-- Price -->
            
                
                    <span class="offer">Segunda Unidad 70%</span>
                
                <span class="article_price" itemprop="price"><span id="list_price_524067">1,55</span></span>
                <span class="currency">€</span>
                <script>
                    formatNumber('1.55', 'list_price_524067');
                </script>
            

            <meta itemprop="priceCurrency" content="EUR">
            <div class="unit_container">
                
                    <a class="substract_button" title="Menos" href="javascript:void(0);">-</a>
                
                <label class="quantity_container">
                    
                        
                            <input class="input_quantity_product" id="item_quantity_524067" type="number" data-product="524067" value="" min="1" max="999" required="" autocomplete="off">
                        
                    
                </label>
                
                    <a class="add_button" title="Más" href="javascript:void(0);">+</a>
                    <a class="added_tick" title="Cambiar unidades" href="javascript:void(0);"></a>
                
            </div>

            
                
                    <div class="article_pum">
                        <span>      4,43€/Kilo</span>
                    </div>
                
            

            
                
                    <a data-product-id="524067" class="orange_button btn_add2cart" title="Añadir al carrito" onclick="dataLayer.push({event: 'event_gtm',category:'acciones usuario', action:'a�adir producto desde listado'})" href="javascript:addToCartFromItemList('524067')">AÑADIR AL CARRITO &gt;</a>
                
            
            <span class="added_button">En carrito</span>

            
            
            <a class="white_button" title="Añadir a mi lista" href="javascript:addToListFromItemList('524067')" onclick="dataLayer.push({event: 'event_gtm',category:'acciones usuario', action:'a�adir producto a lista'});">Añadir a mi lista</a>
            
            
        </div>

        
            <a class="article_link" title="Ver ficha de TOMATE FRITO ORLANDO ACEITE DE OLIVA BRICK 350 G" href="/TOMATE-FRITO-ORLANDO-ACEITE-DE-OLIVA-BRICK-350-G_524067_prd_es_ES.jsp" onclick="javascript:callingTaggingEnpoints('')" itemprop="url"></a>
        
        <div class="hover_container">
            <div class="hover">
                <div class="info_symbol"></div>
            </div>
        </div>

        
            <img width="116" height="114" src="//static.condisline.com/resize_128x128/images/product_icons_corner/promocion_70.png" alt="Segunda Unidad 70% descuento" class="promotion_image">
        

        
        <!-- <a class="more_info" title="Más información sobre la promoción" href="javascript:void(0);"> -->
        <a class="more_info" href="javascript:void(0);">
            <span class="tooltip">
                Segunda Unidad 70% descuento
                <span class="arrow"></span>
            </span>
        </a>
        
    </article>
            </li>
        
            <li class="article" itemprop="itemListElement" itemscope="" itemtype="http://schema.org/Product">
                
    <article class="article_container" id="item_description_110487">


    
        <a class="article_name" title="Ver ficha de KETCHUP REALFOODIN S/AZUCARES 340 G" href="/KETCHUP-REALFOODIN-S-AZUCARES-340-G_110487_prd_es_ES.jsp" itemprop="url"><span itemprop="name" id="description_text">KETCHUP REALFOODIN S/AZUCARES 340 G</span></a>
    

        <!--informacion de gluten y calorias -->
        <div class="info_container">

            
                <span class="calories">94 <span>kcal</span></span>
                <a class="info" title="Producto con 94 kilocalorías" href="javascript:void(0);">
                    <span class="info_text">Producto con 94 kilocalorías.</span>
                </a>
            

            
                
                    <img class="info_icon" alt="10% Descuento para suscriptores Condisline Prime" src="//static.condisline.com/resize_39x39/images/product_icons/icon_subscription.png" width="39" height="39">

                    
                        <a class="info" title="10% Descuento para suscriptores Condisline Prime" href="javascript:void(0);">
                            <span class="info_text">10% Descuento para suscriptores Condisline Prime</span>
                        </a>
                    
                
            
        </div>

        <img class="article_image" alt="KETCHUP REALFOODIN S/AZUCARES 340 G" data-original="//static.condisline.com/resize_190x200/images/catalog/large/110487.jpg" src="//static.condisline.com/resize_190x200/images/catalog/large/110487.jpg" width="190" height="200" style="display: block;">

        <meta itemprop="image" content="//static.condisline.com/resize_190x200/images/catalog/large/110487.jpg">

        <div class="article_price_container" itemprop="offers" itemscope="" itemtype="http://schema.org/Offer">

            <!-- Price -->
            
                
                    <span class="offer">Segunda Unidad 70%</span>
                
                <span class="article_price" itemprop="price"><span id="list_price_110487">2,99</span></span>
                <span class="currency">€</span>
                <script>
                    formatNumber('2.99', 'list_price_110487');
                </script>
            

            <meta itemprop="priceCurrency" content="EUR">
            <div class="unit_container">
                
                    <a class="substract_button" title="Menos" href="javascript:void(0);">-</a>
                
                <label class="quantity_container">
                    
                        
                            <input class="input_quantity_product" id="item_quantity_110487" type="number" data-product="110487" value="" min="1" max="999" required="" autocomplete="off">
                        
                    
                </label>
                
                    <a class="add_button" title="Más" href="javascript:void(0);">+</a>
                    <a class="added_tick" title="Cambiar unidades" href="javascript:void(0);"></a>
                
            </div>

            
                
                    <div class="article_pum">
                        <span>      8,79€/Kilo</span>
                    </div>
                
            

            
                
                    <a data-product-id="110487" class="orange_button btn_add2cart" title="Añadir al carrito" onclick="dataLayer.push({event: 'event_gtm',category:'acciones usuario', action:'a�adir producto desde listado'})" href="javascript:addToCartFromItemList('110487')">AÑADIR AL CARRITO &gt;</a>
                
            
            <span class="added_button">En carrito</span>

            
            
            <a class="white_button" title="Añadir a mi lista" href="javascript:addToListFromItemList('110487')" onclick="dataLayer.push({event: 'event_gtm',category:'acciones usuario', action:'a�adir producto a lista'});">Añadir a mi lista</a>
            
            
        </div>

        
            <a class="article_link" title="Ver ficha de KETCHUP REALFOODIN S/AZUCARES 340 G" href="/KETCHUP-REALFOODIN-S-AZUCARES-340-G_110487_prd_es_ES.jsp" onclick="javascript:callingTaggingEnpoints('')" itemprop="url"></a>
        
        <div class="hover_container">
            <div class="hover">
                <div class="info_symbol"></div>
            </div>
        </div>

        
            <img width="116" height="114" src="//static.condisline.com/resize_128x128/images/product_icons_corner/promocion_70.png" alt="Segunda Unidad 70% descuento" class="promotion_image">
        

        
        <!-- <a class="more_info" title="Más información sobre la promoción" href="javascript:void(0);"> -->
        <a class="more_info" href="javascript:void(0);">
            <span class="tooltip">
                Segunda Unidad 70% descuento
                <span class="arrow"></span>
            </span>
        </a>
        
    </article>
            </li>
        
            <li class="article" itemprop="itemListElement" itemscope="" itemtype="http://schema.org/Product">
                
    <article class="article_container" id="item_description_116360">


    
        <a class="article_name" title="Ver ficha de SALSA OLD EL PASO GUACAMOLE 320 G" href="/SALSA-OLD-EL-PASO-GUACAMOLE-320-G_116360_prd_es_ES.jsp" itemprop="url"><span itemprop="name" id="description_text">SALSA OLD EL PASO GUACAMOLE 320 G</span></a>
    

        <!--informacion de gluten y calorias -->
        <div class="info_container">

            

            
                
                    <img class="info_icon" alt="10% Descuento para suscriptores Condisline Prime" src="//static.condisline.com/resize_39x39/images/product_icons/icon_subscription.png" width="39" height="39">

                    
                        <a class="info" title="10% Descuento para suscriptores Condisline Prime" href="javascript:void(0);">
                            <span class="info_text">10% Descuento para suscriptores Condisline Prime</span>
                        </a>
                    
                
            
        </div>

        <img class="article_image" alt="SALSA OLD EL PASO GUACAMOLE 320 G" data-original="//static.condisline.com/resize_190x200/images/catalog/large/116360.jpg" src="//static.condisline.com/resize_190x200/images/catalog/large/116360.jpg" width="190" height="200" style="display: block;">

        <meta itemprop="image" content="//static.condisline.com/resize_190x200/images/catalog/large/116360.jpg">

        <div class="article_price_container" itemprop="offers" itemscope="" itemtype="http://schema.org/Offer">

            <!-- Price -->
            
                
                    <span class="offer">2ªu  50%,prod.-valor</span>
                
                <span class="article_price" itemprop="price"><span id="list_price_116360">3,39</span></span>
                <span class="currency">€</span>
                <script>
                    formatNumber('3.39', 'list_price_116360');
                </script>
            

            <meta itemprop="priceCurrency" content="EUR">
            <div class="unit_container">
                
                    <a class="substract_button" title="Menos" href="javascript:void(0);">-</a>
                
                <label class="quantity_container">
                    
                        
                            <input class="input_quantity_product" id="item_quantity_116360" type="number" data-product="116360" value="" min="1" max="999" required="" autocomplete="off">
                        
                    
                </label>
                
                    <a class="add_button" title="Más" href="javascript:void(0);">+</a>
                    <a class="added_tick" title="Cambiar unidades" href="javascript:void(0);"></a>
                
            </div>

            
                
                    <div class="article_pum">
                        <span>     10,59€/Kilo</span>
                    </div>
                
            

            
                
                    <a data-product-id="116360" class="orange_button btn_add2cart" title="Añadir al carrito" onclick="dataLayer.push({event: 'event_gtm',category:'acciones usuario', action:'a�adir producto desde listado'})" href="javascript:addToCartFromItemList('116360')">AÑADIR AL CARRITO &gt;</a>
                
            
            <span class="added_button">En carrito</span>

            
            
            <a class="white_button" title="Añadir a mi lista" href="javascript:addToListFromItemList('116360')" onclick="dataLayer.push({event: 'event_gtm',category:'acciones usuario', action:'a�adir producto a lista'});">Añadir a mi lista</a>
            
            
        </div>

        
            <a class="article_link" title="Ver ficha de SALSA OLD EL PASO GUACAMOLE 320 G" href="/SALSA-OLD-EL-PASO-GUACAMOLE-320-G_116360_prd_es_ES.jsp" onclick="javascript:callingTaggingEnpoints('')" itemprop="url"></a>
        
        <div class="hover_container">
            <div class="hover">
                <div class="info_symbol"></div>
            </div>
        </div>

        
            <img width="116" height="114" src="//static.condisline.com/resize_128x128/images/product_icons_corner/promocion_50.png" alt="2ª unidad al  50%, en el producto de menor valor" class="promotion_image">
        

        
        <!-- <a class="more_info" title="Más información sobre la promoción" href="javascript:void(0);"> -->
        <a class="more_info" href="javascript:void(0);">
            <span class="tooltip">
                2ª unidad al  50%, en el producto de menor valor
                <span class="arrow"></span>
            </span>
        </a>
        
    </article>
            </li>
        
            <li class="article" itemprop="itemListElement" itemscope="" itemtype="http://schema.org/Product">
                
    <article class="article_container" id="item_description_110050">


    
        <a class="article_name" title="Ver ficha de SALSA OLD EL PASO QUESO SUAVE 320 G" href="/SALSA-OLD-EL-PASO-QUESO-SUAVE-320-G_110050_prd_es_ES.jsp" itemprop="url"><span itemprop="name" id="description_text">SALSA OLD EL PASO QUESO SUAVE 320 G</span></a>
    

        <!--informacion de gluten y calorias -->
        <div class="info_container">

            

            
                
                    <img class="info_icon" alt="10% Descuento para suscriptores Condisline Prime" src="//static.condisline.com/resize_39x39/images/product_icons/icon_subscription.png" width="39" height="39">

                    
                        <a class="info" title="10% Descuento para suscriptores Condisline Prime" href="javascript:void(0);">
                            <span class="info_text">10% Descuento para suscriptores Condisline Prime</span>
                        </a>
                    
                
            
        </div>

        <img class="article_image" alt="SALSA OLD EL PASO QUESO SUAVE 320 G" data-original="//static.condisline.com/resize_190x200/images/catalog/large/110050.jpg" src="//static.condisline.com/resize_190x200/images/catalog/large/110050.jpg" width="190" height="200" style="display: block;">

        <meta itemprop="image" content="//static.condisline.com/resize_190x200/images/catalog/large/110050.jpg">

        <div class="article_price_container" itemprop="offers" itemscope="" itemtype="http://schema.org/Offer">

            <!-- Price -->
            
                
                    <span class="offer">2ªu  50%,prod.-valor</span>
                
                <span class="article_price" itemprop="price"><span id="list_price_110050">3,59</span></span>
                <span class="currency">€</span>
                <script>
                    formatNumber('3.59', 'list_price_110050');
                </script>
            

            <meta itemprop="priceCurrency" content="EUR">
            <div class="unit_container">
                
                    <a class="substract_button" title="Menos" href="javascript:void(0);">-</a>
                
                <label class="quantity_container">
                    
                        
                            <input class="input_quantity_product" id="item_quantity_110050" type="number" data-product="110050" value="" min="1" max="999" required="" autocomplete="off">
                        
                    
                </label>
                
                    <a class="add_button" title="Más" href="javascript:void(0);">+</a>
                    <a class="added_tick" title="Cambiar unidades" href="javascript:void(0);"></a>
                
            </div>

            
                
                    <div class="article_pum">
                        <span>     11,22€/Kilo</span>
                    </div>
                
            

            
                
                    <a data-product-id="110050" class="orange_button btn_add2cart" title="Añadir al carrito" onclick="dataLayer.push({event: 'event_gtm',category:'acciones usuario', action:'a�adir producto desde listado'})" href="javascript:addToCartFromItemList('110050')">AÑADIR AL CARRITO &gt;</a>
                
            
            <span class="added_button">En carrito</span>

            
            
            <a class="white_button" title="Añadir a mi lista" href="javascript:addToListFromItemList('110050')" onclick="dataLayer.push({event: 'event_gtm',category:'acciones usuario', action:'a�adir producto a lista'});">Añadir a mi lista</a>
            
            
        </div>

        
            <a class="article_link" title="Ver ficha de SALSA OLD EL PASO QUESO SUAVE 320 G" href="/SALSA-OLD-EL-PASO-QUESO-SUAVE-320-G_110050_prd_es_ES.jsp" onclick="javascript:callingTaggingEnpoints('')" itemprop="url"></a>
        
        <div class="hover_container">
            <div class="hover">
                <div class="info_symbol"></div>
            </div>
        </div>

        
            <img width="116" height="114" src="//static.condisline.com/resize_128x128/images/product_icons_corner/promocion_50.png" alt="2ª unidad al  50%, en el producto de menor valor" class="promotion_image">
        

        
        <!-- <a class="more_info" title="Más información sobre la promoción" href="javascript:void(0);"> -->
        <a class="more_info" href="javascript:void(0);">
            <span class="tooltip">
                2ª unidad al  50%, en el producto de menor valor
                <span class="arrow"></span>
            </span>
        </a>
        
    </article>
            </li>
        
            <li class="article" itemprop="itemListElement" itemscope="" itemtype="http://schema.org/Product">
                
    <article class="article_container" id="item_description_524057">


    
        <a class="article_name" title="Ver ficha de TOMATE  FRITO ORLANDO BRIK 3 UNIDADES X 212 G " href="/TOMATE-FRITO-ORLANDO-BRIK-3-UNIDADES-X-212-G_524057_prd_es_ES.jsp" itemprop="url"><span itemprop="name" id="description_text">TOMATE  FRITO ORLANDO BRIK 3 UNIDADES X 212 G </span></a>
    

        <!--informacion de gluten y calorias -->
        <div class="info_container">

            
                <span class="calories">73 <span>kcal</span></span>
                <a class="info" title="Producto con 73 kilocalorías" href="javascript:void(0);">
                    <span class="info_text">Producto con 73 kilocalorías.</span>
                </a>
            

            
                
                    <img class="info_icon" alt="10% Descuento para suscriptores Condisline Prime" src="//static.condisline.com/resize_39x39/images/product_icons/icon_subscription.png" width="39" height="39">

                    
                        <a class="info" title="10% Descuento para suscriptores Condisline Prime" href="javascript:void(0);">
                            <span class="info_text">10% Descuento para suscriptores Condisline Prime</span>
                        </a>
                    
                
                    <img class="info_icon" alt="Producto sin gluten" src="//static.condisline.com/resize_39x39/images/product_icons/no_gluten.png" width="39" height="39">

                    
                        <a class="info" title="Producto sin gluten" href="javascript:void(0);">
                            <span class="info_text">Producto sin gluten</span>
                        </a>
                    
                
            
        </div>

        <img class="article_image" alt="TOMATE  FRITO ORLANDO BRIK 3 UNIDADES X 212 G " data-original="//static.condisline.com/resize_190x200/images/catalog/large/524057.jpg" src="//static.condisline.com/resize_190x200/images/catalog/large/524057.jpg" width="190" height="200" style="display: block;">

        <meta itemprop="image" content="//static.condisline.com/resize_190x200/images/catalog/large/524057.jpg">

        <div class="article_price_container" itemprop="offers" itemscope="" itemtype="http://schema.org/Offer">

            <!-- Price -->
            
                <span class="offer">Antes <span id="list_price_524057">1,99</span>€</span>
                <span class="article_price" itemprop="price"><span id="sale_price_524057">1,59</span></span>
                <span class="currency">€</span>
                <script>
                    formatNumber('1.99', 'list_price_524057');
                    formatNumber('1.59', 'sale_price_524057');
                </script>
            

            <meta itemprop="priceCurrency" content="EUR">
            <div class="unit_container">
                
                    <a class="substract_button" title="Menos" href="javascript:void(0);">-</a>
                
                <label class="quantity_container">
                    
                        
                            <input class="input_quantity_product" id="item_quantity_524057" type="number" data-product="524057" value="" min="1" max="999" required="" autocomplete="off">
                        
                    
                </label>
                
                    <a class="add_button" title="Más" href="javascript:void(0);">+</a>
                    <a class="added_tick" title="Cambiar unidades" href="javascript:void(0);"></a>
                
            </div>

            
                
                    <div class="article_pum">
                        <span>      2,50€/Kilo</span>
                    </div>
                
            

            
                
                    <a data-product-id="524057" class="orange_button btn_add2cart" title="Añadir al carrito" onclick="dataLayer.push({event: 'event_gtm',category:'acciones usuario', action:'a�adir producto desde listado'})" href="javascript:addToCartFromItemList('524057')">AÑADIR AL CARRITO &gt;</a>
                
            
            <span class="added_button">En carrito</span>

            
            
            <a class="white_button" title="Añadir a mi lista" href="javascript:addToListFromItemList('524057')" onclick="dataLayer.push({event: 'event_gtm',category:'acciones usuario', action:'a�adir producto a lista'});">Añadir a mi lista</a>
            
            
        </div>

        
            <a class="article_link" title="Ver ficha de TOMATE  FRITO ORLANDO BRIK 3 UNIDADES X 212 G " href="/TOMATE-FRITO-ORLANDO-BRIK-3-UNIDADES-X-212-G_524057_prd_es_ES.jsp" onclick="javascript:callingTaggingEnpoints('')" itemprop="url"></a>
        
        <div class="hover_container">
            <div class="hover">
                <div class="info_symbol"></div>
            </div>
        </div>

        
            <img width="116" height="114" src="//static.condisline.com/resize_128x128/images/product_icons_corner/oferta_grande.png" alt="" class="promotion_image">
        

        
    </article>
            </li>
        
            <li class="article" itemprop="itemListElement" itemscope="" itemtype="http://schema.org/Product">
                
    <article class="article_container" id="item_description_519020">


    
        <a class="article_name" title="Ver ficha de SALSA FERRER BRAVA ORIGINAL 320 G" href="/SALSA-FERRER-BRAVA-ORIGINAL-320-G_519020_prd_es_ES.jsp" itemprop="url"><span itemprop="name" id="description_text">SALSA FERRER BRAVA ORIGINAL 320 G</span></a>
    

        <!--informacion de gluten y calorias -->
        <div class="info_container">

            
                <span class="calories">190 <span>kcal</span></span>
                <a class="info" title="Producto con 190 kilocalorías" href="javascript:void(0);">
                    <span class="info_text">Producto con 190 kilocalorías.</span>
                </a>
            

            
                
                    <img class="info_icon" alt="10% Descuento para suscriptores Condisline Prime" src="//static.condisline.com/resize_39x39/images/product_icons/icon_subscription.png" width="39" height="39">

                    
                        <a class="info" title="10% Descuento para suscriptores Condisline Prime" href="javascript:void(0);">
                            <span class="info_text">10% Descuento para suscriptores Condisline Prime</span>
                        </a>
                    
                
            
        </div>

        <img class="article_image" alt="SALSA FERRER BRAVA ORIGINAL 320 G" data-original="//static.condisline.com/resize_190x200/images/catalog/large/519020.jpg" src="//static.condisline.com/resize_190x200/images/catalog/large/519020.jpg" width="190" height="200" style="display: block;">

        <meta itemprop="image" content="//static.condisline.com/resize_190x200/images/catalog/large/519020.jpg">

        <div class="article_price_container" itemprop="offers" itemscope="" itemtype="http://schema.org/Offer">

            <!-- Price -->
            
                <span class="offer">Antes <span id="list_price_519020">2,89</span>€</span>
                <span class="article_price" itemprop="price"><span id="sale_price_519020">2,49</span></span>
                <span class="currency">€</span>
                <script>
                    formatNumber('2.89', 'list_price_519020');
                    formatNumber('2.49', 'sale_price_519020');
                </script>
            

            <meta itemprop="priceCurrency" content="EUR">
            <div class="unit_container">
                
                    <a class="substract_button" title="Menos" href="javascript:void(0);">-</a>
                
                <label class="quantity_container">
                    
                        
                            <input class="input_quantity_product" id="item_quantity_519020" type="number" data-product="519020" value="" min="1" max="999" required="" autocomplete="off">
                        
                    
                </label>
                
                    <a class="add_button" title="Más" href="javascript:void(0);">+</a>
                    <a class="added_tick" title="Cambiar unidades" href="javascript:void(0);"></a>
                
            </div>

            
                
                    <div class="article_pum">
                        <span>      7,78€/Kilo</span>
                    </div>
                
            

            
                
                    <a data-product-id="519020" class="orange_button btn_add2cart" title="Añadir al carrito" onclick="dataLayer.push({event: 'event_gtm',category:'acciones usuario', action:'a�adir producto desde listado'})" href="javascript:addToCartFromItemList('519020')">AÑADIR AL CARRITO &gt;</a>
                
            
            <span class="added_button">En carrito</span>

            
            
            <a class="white_button" title="Añadir a mi lista" href="javascript:addToListFromItemList('519020')" onclick="dataLayer.push({event: 'event_gtm',category:'acciones usuario', action:'a�adir producto a lista'});">Añadir a mi lista</a>
            
            
        </div>

        
            <a class="article_link" title="Ver ficha de SALSA FERRER BRAVA ORIGINAL 320 G" href="/SALSA-FERRER-BRAVA-ORIGINAL-320-G_519020_prd_es_ES.jsp" onclick="javascript:callingTaggingEnpoints('')" itemprop="url"></a>
        
        <div class="hover_container">
            <div class="hover">
                <div class="info_symbol"></div>
            </div>
        </div>

        
            <img width="116" height="114" src="//static.condisline.com/resize_128x128/images/product_icons_corner/oferta_grande.png" alt="" class="promotion_image">
        

        
    </article>
            </li>
        
            <li class="article" itemprop="itemListElement" itemscope="" itemtype="http://schema.org/Product">
                
    <article class="article_container" id="item_description_732124">


    
        <a class="article_name" title="Ver ficha de KÉTCHUP HEINZ TOMATO 460 G" href="/KETCHUP-HEINZ-TOMATO-460-G_732124_prd_es_ES.jsp" itemprop="url"><span itemprop="name" id="description_text">KÉTCHUP HEINZ TOMATO 460 G</span></a>
    

        <!--informacion de gluten y calorias -->
        <div class="info_container">

            

            
                
                    <img class="info_icon" alt="10% Descuento para suscriptores Condisline Prime" src="//static.condisline.com/resize_39x39/images/product_icons/icon_subscription.png" width="39" height="39">

                    
                        <a class="info" title="10% Descuento para suscriptores Condisline Prime" href="javascript:void(0);">
                            <span class="info_text">10% Descuento para suscriptores Condisline Prime</span>
                        </a>
                    
                
            
        </div>

        <img class="article_image" alt="KÉTCHUP HEINZ TOMATO 460 G" data-original="//static.condisline.com/resize_190x200/images/catalog/large/732124.jpg" src="//static.condisline.com/resize_190x200/images/catalog/large/732124.jpg" width="190" height="200" style="display: block;">

        <meta itemprop="image" content="//static.condisline.com/resize_190x200/images/catalog/large/732124.jpg">

        <div class="article_price_container" itemprop="offers" itemscope="" itemtype="http://schema.org/Offer">

            <!-- Price -->
            
                <span class="offer">Antes <span id="list_price_732124">3,35</span>€</span>
                <span class="article_price" itemprop="price"><span id="sale_price_732124">2,85</span></span>
                <span class="currency">€</span>
                <script>
                    formatNumber('3.35', 'list_price_732124');
                    formatNumber('2.85', 'sale_price_732124');
                </script>
            

            <meta itemprop="priceCurrency" content="EUR">
            <div class="unit_container">
                
                    <a class="substract_button" title="Menos" href="javascript:void(0);">-</a>
                
                <label class="quantity_container">
                    
                        
                            <input class="input_quantity_product" id="item_quantity_732124" type="number" data-product="732124" value="" min="1" max="999" required="" autocomplete="off">
                        
                    
                </label>
                
                    <a class="add_button" title="Más" href="javascript:void(0);">+</a>
                    <a class="added_tick" title="Cambiar unidades" href="javascript:void(0);"></a>
                
            </div>

            
                
                    <div class="article_pum">
                        <span>      6,20€/Kilo</span>
                    </div>
                
            

            
                
                    <a data-product-id="732124" class="orange_button btn_add2cart" title="Añadir al carrito" onclick="dataLayer.push({event: 'event_gtm',category:'acciones usuario', action:'a�adir producto desde listado'})" href="javascript:addToCartFromItemList('732124')">AÑADIR AL CARRITO &gt;</a>
                
            
            <span class="added_button">En carrito</span>

            
            
            <a class="white_button" title="Añadir a mi lista" href="javascript:addToListFromItemList('732124')" onclick="dataLayer.push({event: 'event_gtm',category:'acciones usuario', action:'a�adir producto a lista'});">Añadir a mi lista</a>
            
            
        </div>

        
            <a class="article_link" title="Ver ficha de KÉTCHUP HEINZ TOMATO 460 G" href="/KETCHUP-HEINZ-TOMATO-460-G_732124_prd_es_ES.jsp" onclick="javascript:callingTaggingEnpoints('')" itemprop="url"></a>
        
        <div class="hover_container">
            <div class="hover">
                <div class="info_symbol"></div>
            </div>
        </div>

        
            <img width="116" height="114" src="//static.condisline.com/resize_128x128/images/product_icons_corner/oferta_grande.png" alt="" class="promotion_image">
        

        
    </article>
            </li>
        
            <li class="article" itemprop="itemListElement" itemscope="" itemtype="http://schema.org/Product">
                
    <article class="article_container" id="item_description_110243">


    
        <a class="article_name" title="Ver ficha de KÉTCHUP HEINZ 50% AZÚCAR 500 ML" href="/KETCHUP-HEINZ-50-AZUCAR-500-ML_110243_prd_es_ES.jsp" itemprop="url"><span itemprop="name" id="description_text">KÉTCHUP HEINZ 50% AZÚCAR 500 ML</span></a>
    

        <!--informacion de gluten y calorias -->
        <div class="info_container">

            
                <span class="calories">64 <span>kcal</span></span>
                <a class="info" title="Producto con 64 kilocalorías" href="javascript:void(0);">
                    <span class="info_text">Producto con 64 kilocalorías.</span>
                </a>
            

            
                
                    <img class="info_icon" alt="10% Descuento para suscriptores Condisline Prime" src="//static.condisline.com/resize_39x39/images/product_icons/icon_subscription.png" width="39" height="39">

                    
                        <a class="info" title="10% Descuento para suscriptores Condisline Prime" href="javascript:void(0);">
                            <span class="info_text">10% Descuento para suscriptores Condisline Prime</span>
                        </a>
                    
                
            
        </div>

        <img class="article_image" alt="KÉTCHUP HEINZ 50% AZÚCAR 500 ML" data-original="//static.condisline.com/resize_190x200/images/catalog/large/110243.jpg" src="//static.condisline.com/resize_190x200/images/catalog/large/110243.jpg" width="190" height="200" style="display: block;">

        <meta itemprop="image" content="//static.condisline.com/resize_190x200/images/catalog/large/110243.jpg">

        <div class="article_price_container" itemprop="offers" itemscope="" itemtype="http://schema.org/Offer">

            <!-- Price -->
            
                <span class="offer">Antes <span id="list_price_110243">3,99</span>€</span>
                <span class="article_price" itemprop="price"><span id="sale_price_110243">3,39</span></span>
                <span class="currency">€</span>
                <script>
                    formatNumber('3.99', 'list_price_110243');
                    formatNumber('3.39', 'sale_price_110243');
                </script>
            

            <meta itemprop="priceCurrency" content="EUR">
            <div class="unit_container">
                
                    <a class="substract_button" title="Menos" href="javascript:void(0);">-</a>
                
                <label class="quantity_container">
                    
                        
                            <input class="input_quantity_product" id="item_quantity_110243" type="number" data-product="110243" value="" min="1" max="999" required="" autocomplete="off">
                        
                    
                </label>
                
                    <a class="add_button" title="Más" href="javascript:void(0);">+</a>
                    <a class="added_tick" title="Cambiar unidades" href="javascript:void(0);"></a>
                
            </div>

            
                
                    <div class="article_pum">
                        <span>      6,78€/Kilo</span>
                    </div>
                
            

            
                
                    <a data-product-id="110243" class="orange_button btn_add2cart" title="Añadir al carrito" onclick="dataLayer.push({event: 'event_gtm',category:'acciones usuario', action:'a�adir producto desde listado'})" href="javascript:addToCartFromItemList('110243')">AÑADIR AL CARRITO &gt;</a>
                
            
            <span class="added_button">En carrito</span>

            
            
            <a class="white_button" title="Añadir a mi lista" href="javascript:addToListFromItemList('110243')" onclick="dataLayer.push({event: 'event_gtm',category:'acciones usuario', action:'a�adir producto a lista'});">Añadir a mi lista</a>
            
            
        </div>

        
            <a class="article_link" title="Ver ficha de KÉTCHUP HEINZ 50% AZÚCAR 500 ML" href="/KETCHUP-HEINZ-50-AZUCAR-500-ML_110243_prd_es_ES.jsp" onclick="javascript:callingTaggingEnpoints('')" itemprop="url"></a>
        
        <div class="hover_container">
            <div class="hover">
                <div class="info_symbol"></div>
            </div>
        </div>

        
            <img width="116" height="114" src="//static.condisline.com/resize_128x128/images/product_icons_corner/oferta_grande.png" alt="" class="promotion_image">
        

        
    </article>
            </li>
        
            <li class="article" itemprop="itemListElement" itemscope="" itemtype="http://schema.org/Product">
                
    <article class="article_container" id="item_description_524089">


    
        <a class="article_name" title="Ver ficha de MAYONESA HEINZ DELICIOSA PET 400 G" href="/MAYONESA-HEINZ-DELICIOSA-PET-400-G_524089_prd_es_ES.jsp" itemprop="url"><span itemprop="name" id="description_text">MAYONESA HEINZ DELICIOSA PET 400 G</span></a>
    

        <!--informacion de gluten y calorias -->
        <div class="info_container">

            
                <span class="calories">644 <span>kcal</span></span>
                <a class="info" title="Producto con 644 kilocalorías" href="javascript:void(0);">
                    <span class="info_text">Producto con 644 kilocalorías.</span>
                </a>
            

            
                
                    <img class="info_icon" alt="10% Descuento para suscriptores Condisline Prime" src="//static.condisline.com/resize_39x39/images/product_icons/icon_subscription.png" width="39" height="39">

                    
                        <a class="info" title="10% Descuento para suscriptores Condisline Prime" href="javascript:void(0);">
                            <span class="info_text">10% Descuento para suscriptores Condisline Prime</span>
                        </a>
                    
                
            
        </div>

        <img class="article_image" alt="MAYONESA HEINZ DELICIOSA PET 400 G" data-original="//static.condisline.com/resize_190x200/images/catalog/large/524089.jpg" src="//static.condisline.com/resize_190x200/images/catalog/large/524089.jpg" width="190" height="200" style="display: block;">

        <meta itemprop="image" content="//static.condisline.com/resize_190x200/images/catalog/large/524089.jpg">

        <div class="article_price_container" itemprop="offers" itemscope="" itemtype="http://schema.org/Offer">

            <!-- Price -->
            
                <span class="offer">Antes <span id="list_price_524089">2,99</span>€</span>
                <span class="article_price" itemprop="price"><span id="sale_price_524089">2,49</span></span>
                <span class="currency">€</span>
                <script>
                    formatNumber('2.99', 'list_price_524089');
                    formatNumber('2.49', 'sale_price_524089');
                </script>
            

            <meta itemprop="priceCurrency" content="EUR">
            <div class="unit_container">
                
                    <a class="substract_button" title="Menos" href="javascript:void(0);">-</a>
                
                <label class="quantity_container">
                    
                        
                            <input class="input_quantity_product" id="item_quantity_524089" type="number" data-product="524089" value="" min="1" max="999" required="" autocomplete="off">
                        
                    
                </label>
                
                    <a class="add_button" title="Más" href="javascript:void(0);">+</a>
                    <a class="added_tick" title="Cambiar unidades" href="javascript:void(0);"></a>
                
            </div>

            
                
                    <div class="article_pum">
                        <span>      6,23€/Kilo</span>
                    </div>
                
            

            
                
                    <a data-product-id="524089" class="orange_button btn_add2cart" title="Añadir al carrito" onclick="dataLayer.push({event: 'event_gtm',category:'acciones usuario', action:'a�adir producto desde listado'})" href="javascript:addToCartFromItemList('524089')">AÑADIR AL CARRITO &gt;</a>
                
            
            <span class="added_button">En carrito</span>

            
            
            <a class="white_button" title="Añadir a mi lista" href="javascript:addToListFromItemList('524089')" onclick="dataLayer.push({event: 'event_gtm',category:'acciones usuario', action:'a�adir producto a lista'});">Añadir a mi lista</a>
            
            
        </div>

        
            <a class="article_link" title="Ver ficha de MAYONESA HEINZ DELICIOSA PET 400 G" href="/MAYONESA-HEINZ-DELICIOSA-PET-400-G_524089_prd_es_ES.jsp" onclick="javascript:callingTaggingEnpoints('')" itemprop="url"></a>
        
        <div class="hover_container">
            <div class="hover">
                <div class="info_symbol"></div>
            </div>
        </div>

        
            <img width="116" height="114" src="//static.condisline.com/resize_128x128/images/product_icons_corner/oferta_grande.png" alt="" class="promotion_image">
        

        
    </article>
            </li>
        
            <li class="article" itemprop="itemListElement" itemscope="" itemtype="http://schema.org/Product">
                
    <article class="article_container" id="item_description_110287">


    
        <a class="article_name" title="Ver ficha de SALSA CALVÉ CASERA 430 G" href="/SALSA-CALVE-CASERA-430-G_110287_prd_es_ES.jsp" itemprop="url"><span itemprop="name" id="description_text">SALSA CALVÉ CASERA 430 G</span></a>
    

        <!--informacion de gluten y calorias -->
        <div class="info_container">

            
                <span class="calories">391 <span>kcal</span></span>
                <a class="info" title="Producto con 391 kilocalorías" href="javascript:void(0);">
                    <span class="info_text">Producto con 391 kilocalorías.</span>
                </a>
            

            
                
                    <img class="info_icon" alt="10% Descuento para suscriptores Condisline Prime" src="//static.condisline.com/resize_39x39/images/product_icons/icon_subscription.png" width="39" height="39">

                    
                        <a class="info" title="10% Descuento para suscriptores Condisline Prime" href="javascript:void(0);">
                            <span class="info_text">10% Descuento para suscriptores Condisline Prime</span>
                        </a>
                    
                
            
        </div>

        <img class="article_image" alt="SALSA CALVÉ CASERA 430 G" data-original="//static.condisline.com/resize_190x200/images/catalog/large/110287.jpg" src="//static.condisline.com/resize_190x200/images/catalog/large/110287.jpg" width="190" height="200" style="display: block;">

        <meta itemprop="image" content="//static.condisline.com/resize_190x200/images/catalog/large/110287.jpg">

        <div class="article_price_container" itemprop="offers" itemscope="" itemtype="http://schema.org/Offer">

            <!-- Price -->
            
                <span class="offer">Antes <span id="list_price_110287">2,25</span>€</span>
                <span class="article_price" itemprop="price"><span id="sale_price_110287">1,85</span></span>
                <span class="currency">€</span>
                <script>
                    formatNumber('2.25', 'list_price_110287');
                    formatNumber('1.85', 'sale_price_110287');
                </script>
            

            <meta itemprop="priceCurrency" content="EUR">
            <div class="unit_container">
                
                    <a class="substract_button" title="Menos" href="javascript:void(0);">-</a>
                
                <label class="quantity_container">
                    
                        
                            <input class="input_quantity_product" id="item_quantity_110287" type="number" data-product="110287" value="" min="1" max="999" required="" autocomplete="off">
                        
                    
                </label>
                
                    <a class="add_button" title="Más" href="javascript:void(0);">+</a>
                    <a class="added_tick" title="Cambiar unidades" href="javascript:void(0);"></a>
                
            </div>

            
                
                    <div class="article_pum">
                        <span>      4,30€/Kilo</span>
                    </div>
                
            

            
                
                    <a data-product-id="110287" class="orange_button btn_add2cart" title="Añadir al carrito" onclick="dataLayer.push({event: 'event_gtm',category:'acciones usuario', action:'a�adir producto desde listado'})" href="javascript:addToCartFromItemList('110287')">AÑADIR AL CARRITO &gt;</a>
                
            
            <span class="added_button">En carrito</span>

            
            
            <a class="white_button" title="Añadir a mi lista" href="javascript:addToListFromItemList('110287')" onclick="dataLayer.push({event: 'event_gtm',category:'acciones usuario', action:'a�adir producto a lista'});">Añadir a mi lista</a>
            
            
        </div>

        
            <a class="article_link" title="Ver ficha de SALSA CALVÉ CASERA 430 G" href="/SALSA-CALVE-CASERA-430-G_110287_prd_es_ES.jsp" onclick="javascript:callingTaggingEnpoints('')" itemprop="url"></a>
        
        <div class="hover_container">
            <div class="hover">
                <div class="info_symbol"></div>
            </div>
        </div>

        
            <img width="116" height="114" src="//static.condisline.com/resize_128x128/images/product_icons_corner/oferta_grande.png" alt="" class="promotion_image">
        

        
    </article>
            </li>
        
            <li class="article" itemprop="itemListElement" itemscope="" itemtype="http://schema.org/Product">
                
    <article class="article_container" id="item_description_110219">


    
        <a class="article_name" title="Ver ficha de SALSA HEINZ SOJA 150 ML" href="/SALSA-HEINZ-SOJA-150-ML_110219_prd_es_ES.jsp" itemprop="url"><span itemprop="name" id="description_text">SALSA HEINZ SOJA 150 ML</span></a>
    

        <!--informacion de gluten y calorias -->
        <div class="info_container">

            
                <span class="calories">178 <span>kcal</span></span>
                <a class="info" title="Producto con 178 kilocalorías" href="javascript:void(0);">
                    <span class="info_text">Producto con 178 kilocalorías.</span>
                </a>
            

            
                
                    <img class="info_icon" alt="10% Descuento para suscriptores Condisline Prime" src="//static.condisline.com/resize_39x39/images/product_icons/icon_subscription.png" width="39" height="39">

                    
                        <a class="info" title="10% Descuento para suscriptores Condisline Prime" href="javascript:void(0);">
                            <span class="info_text">10% Descuento para suscriptores Condisline Prime</span>
                        </a>
                    
                
            
        </div>

        <img class="article_image" alt="SALSA HEINZ SOJA 150 ML" data-original="//static.condisline.com/resize_190x200/images/catalog/large/110219.jpg" src="//static.condisline.com/resize_190x200/images/catalog/large/110219.jpg" width="190" height="200" style="display: block;">

        <meta itemprop="image" content="//static.condisline.com/resize_190x200/images/catalog/large/110219.jpg">

        <div class="article_price_container" itemprop="offers" itemscope="" itemtype="http://schema.org/Offer">

            <!-- Price -->
            
                <span class="offer">Antes <span id="list_price_110219">2,99</span>€</span>
                <span class="article_price" itemprop="price"><span id="sale_price_110219">2,49</span></span>
                <span class="currency">€</span>
                <script>
                    formatNumber('2.99', 'list_price_110219');
                    formatNumber('2.49', 'sale_price_110219');
                </script>
            

            <meta itemprop="priceCurrency" content="EUR">
            <div class="unit_container">
                
                    <a class="substract_button" title="Menos" href="javascript:void(0);">-</a>
                
                <label class="quantity_container">
                    
                        
                            <input class="input_quantity_product" id="item_quantity_110219" type="number" data-product="110219" value="" min="1" max="999" required="" autocomplete="off">
                        
                    
                </label>
                
                    <a class="add_button" title="Más" href="javascript:void(0);">+</a>
                    <a class="added_tick" title="Cambiar unidades" href="javascript:void(0);"></a>
                
            </div>

            
                
                    <div class="article_pum">
                        <span>     16,60€/Litro</span>
                    </div>
                
            

            
                
                    <a data-product-id="110219" class="orange_button btn_add2cart" title="Añadir al carrito" onclick="dataLayer.push({event: 'event_gtm',category:'acciones usuario', action:'a�adir producto desde listado'})" href="javascript:addToCartFromItemList('110219')">AÑADIR AL CARRITO &gt;</a>
                
            
            <span class="added_button">En carrito</span>

            
            
            <a class="white_button" title="Añadir a mi lista" href="javascript:addToListFromItemList('110219')" onclick="dataLayer.push({event: 'event_gtm',category:'acciones usuario', action:'a�adir producto a lista'});">Añadir a mi lista</a>
            
            
        </div>

        
            <a class="article_link" title="Ver ficha de SALSA HEINZ SOJA 150 ML" href="/SALSA-HEINZ-SOJA-150-ML_110219_prd_es_ES.jsp" onclick="javascript:callingTaggingEnpoints('')" itemprop="url"></a>
        
        <div class="hover_container">
            <div class="hover">
                <div class="info_symbol"></div>
            </div>
        </div>

        
            <img width="116" height="114" src="//static.condisline.com/resize_128x128/images/product_icons_corner/oferta_grande.png" alt="" class="promotion_image">
        

        
    </article>
            </li>
        
            <li class="article" itemprop="itemListElement" itemscope="" itemtype="http://schema.org/Product">
                
    <article class="article_container" id="item_description_781517">


    
        <a class="article_name" title="Ver ficha de SALSA PRÉSIDENT BECHAMEL 2 UNIDADES" href="/SALSA-PRESIDENT-BECHAMEL-2-UNIDADES_781517_prd_es_ES.jsp" itemprop="url"><span itemprop="name" id="description_text">SALSA PRÉSIDENT BECHAMEL 2 UNIDADES</span></a>
    

        <!--informacion de gluten y calorias -->
        <div class="info_container">

            
                <span class="calories">122 <span>kcal</span></span>
                <a class="info" title="Producto con 122 kilocalorías" href="javascript:void(0);">
                    <span class="info_text">Producto con 122 kilocalorías.</span>
                </a>
            

            
                
                    <img class="info_icon" alt="10% Descuento para suscriptores Condisline Prime" src="//static.condisline.com/resize_39x39/images/product_icons/icon_subscription.png" width="39" height="39">

                    
                        <a class="info" title="10% Descuento para suscriptores Condisline Prime" href="javascript:void(0);">
                            <span class="info_text">10% Descuento para suscriptores Condisline Prime</span>
                        </a>
                    
                
            
        </div>

        <img class="article_image" alt="SALSA PRÉSIDENT BECHAMEL 2 UNIDADES" data-original="//static.condisline.com/resize_190x200/images/catalog/large/781517.jpg" src="//static.condisline.com/resize_190x200/images/catalog/large/781517.jpg" width="190" height="200" style="display: block;">

        <meta itemprop="image" content="//static.condisline.com/resize_190x200/images/catalog/large/781517.jpg">

        <div class="article_price_container" itemprop="offers" itemscope="" itemtype="http://schema.org/Offer">

            <!-- Price -->
            
                <span class="offer">Antes <span id="list_price_781517">4,45</span>€</span>
                <span class="article_price" itemprop="price"><span id="sale_price_781517">3,99</span></span>
                <span class="currency">€</span>
                <script>
                    formatNumber('4.45', 'list_price_781517');
                    formatNumber('3.99', 'sale_price_781517');
                </script>
            

            <meta itemprop="priceCurrency" content="EUR">
            <div class="unit_container">
                
                    <a class="substract_button" title="Menos" href="javascript:void(0);">-</a>
                
                <label class="quantity_container">
                    
                        
                            <input class="input_quantity_product" id="item_quantity_781517" type="number" data-product="781517" value="" min="1" max="999" required="" autocomplete="off">
                        
                    
                </label>
                
                    <a class="add_button" title="Más" href="javascript:void(0);">+</a>
                    <a class="added_tick" title="Cambiar unidades" href="javascript:void(0);"></a>
                
            </div>

            
                
                    <div class="article_pum">
                        <span>      7,98€/Litro</span>
                    </div>
                
            

            
                
                    <a data-product-id="781517" class="orange_button btn_add2cart" title="Añadir al carrito" onclick="dataLayer.push({event: 'event_gtm',category:'acciones usuario', action:'a�adir producto desde listado'})" href="javascript:addToCartFromItemList('781517')">AÑADIR AL CARRITO &gt;</a>
                
            
            <span class="added_button">En carrito</span>

            
            
            <a class="white_button" title="Añadir a mi lista" href="javascript:addToListFromItemList('781517')" onclick="dataLayer.push({event: 'event_gtm',category:'acciones usuario', action:'a�adir producto a lista'});">Añadir a mi lista</a>
            
            
        </div>

        
            <a class="article_link" title="Ver ficha de SALSA PRÉSIDENT BECHAMEL 2 UNIDADES" href="/SALSA-PRESIDENT-BECHAMEL-2-UNIDADES_781517_prd_es_ES.jsp" onclick="javascript:callingTaggingEnpoints('')" itemprop="url"></a>
        
        <div class="hover_container">
            <div class="hover">
                <div class="info_symbol"></div>
            </div>
        </div>

        
            <img width="116" height="114" src="//static.condisline.com/resize_128x128/images/product_icons_corner/oferta_grande.png" alt="" class="promotion_image">
        

        
    </article>
            </li>
        
            <li class="article" itemprop="itemListElement" itemscope="" itemtype="http://schema.org/Product">
                
    <article class="article_container" id="item_description_110459">


    
        <a class="article_name" title="Ver ficha de KETCHUP PRIMA ORIGINAL 540 G" href="/KETCHUP-PRIMA-ORIGINAL-540-G_110459_prd_es_ES.jsp" itemprop="url"><span itemprop="name" id="description_text">KETCHUP PRIMA ORIGINAL 540 G</span></a>
    

        <!--informacion de gluten y calorias -->
        <div class="info_container">

            

            
                
                    <img class="info_icon" alt="10% Descuento para suscriptores Condisline Prime" src="//static.condisline.com/resize_39x39/images/product_icons/icon_subscription.png" width="39" height="39">

                    
                        <a class="info" title="10% Descuento para suscriptores Condisline Prime" href="javascript:void(0);">
                            <span class="info_text">10% Descuento para suscriptores Condisline Prime</span>
                        </a>
                    
                
            
        </div>

        <img class="article_image" alt="KETCHUP PRIMA ORIGINAL 540 G" data-original="//static.condisline.com/resize_190x200/images/catalog/large/110459.jpg" src="//static.condisline.com/resize_190x200/images/catalog/large/110459.jpg" width="190" height="200" style="display: block;">

        <meta itemprop="image" content="//static.condisline.com/resize_190x200/images/catalog/large/110459.jpg">

        <div class="article_price_container" itemprop="offers" itemscope="" itemtype="http://schema.org/Offer">

            <!-- Price -->
            
                <span class="offer">Antes <span id="list_price_110459">2,99</span>€</span>
                <span class="article_price" itemprop="price"><span id="sale_price_110459">2,39</span></span>
                <span class="currency">€</span>
                <script>
                    formatNumber('2.99', 'list_price_110459');
                    formatNumber('2.39', 'sale_price_110459');
                </script>
            

            <meta itemprop="priceCurrency" content="EUR">
            <div class="unit_container">
                
                    <a class="substract_button" title="Menos" href="javascript:void(0);">-</a>
                
                <label class="quantity_container">
                    
                        
                            <input class="input_quantity_product" id="item_quantity_110459" type="number" data-product="110459" value="" min="1" max="999" required="" autocomplete="off">
                        
                    
                </label>
                
                    <a class="add_button" title="Más" href="javascript:void(0);">+</a>
                    <a class="added_tick" title="Cambiar unidades" href="javascript:void(0);"></a>
                
            </div>

            
                
                    <div class="article_pum">
                        <span>      4,43€/Kilo</span>
                    </div>
                
            

            
                
                    <a data-product-id="110459" class="orange_button btn_add2cart" title="Añadir al carrito" onclick="dataLayer.push({event: 'event_gtm',category:'acciones usuario', action:'a�adir producto desde listado'})" href="javascript:addToCartFromItemList('110459')">AÑADIR AL CARRITO &gt;</a>
                
            
            <span class="added_button">En carrito</span>

            
            
            <a class="white_button" title="Añadir a mi lista" href="javascript:addToListFromItemList('110459')" onclick="dataLayer.push({event: 'event_gtm',category:'acciones usuario', action:'a�adir producto a lista'});">Añadir a mi lista</a>
            
            
        </div>

        
            <a class="article_link" title="Ver ficha de KETCHUP PRIMA ORIGINAL 540 G" href="/KETCHUP-PRIMA-ORIGINAL-540-G_110459_prd_es_ES.jsp" onclick="javascript:callingTaggingEnpoints('')" itemprop="url"></a>
        
        <div class="hover_container">
            <div class="hover">
                <div class="info_symbol"></div>
            </div>
        </div>

        
            <img width="116" height="114" src="//static.condisline.com/resize_128x128/images/product_icons_corner/oferta_grande.png" alt="" class="promotion_image">
        

        
    </article>
            </li>
        
            <li class="article" itemprop="itemListElement" itemscope="" itemtype="http://schema.org/Product">
                
    <article class="article_container" id="item_description_110388">


    
        <a class="article_name" title="Ver ficha de SALSA PRÉSIDENT BECHAMEL SIN GLUTEN 500 ML" href="/SALSA-PRESIDENT-BECHAMEL-SIN-GLUTEN-500-ML_110388_prd_es_ES.jsp" itemprop="url"><span itemprop="name" id="description_text">SALSA PRÉSIDENT BECHAMEL SIN GLUTEN 500 ML</span></a>
    

        <!--informacion de gluten y calorias -->
        <div class="info_container">

            
                <span class="calories">90 <span>kcal</span></span>
                <a class="info" title="Producto con 90 kilocalorías" href="javascript:void(0);">
                    <span class="info_text">Producto con 90 kilocalorías.</span>
                </a>
            

            
                
                    <img class="info_icon" alt="10% Descuento para suscriptores Condisline Prime" src="//static.condisline.com/resize_39x39/images/product_icons/icon_subscription.png" width="39" height="39">

                    
                        <a class="info" title="10% Descuento para suscriptores Condisline Prime" href="javascript:void(0);">
                            <span class="info_text">10% Descuento para suscriptores Condisline Prime</span>
                        </a>
                    
                
                    <img class="info_icon" alt="Producto sin gluten" src="//static.condisline.com/resize_39x39/images/product_icons/no_gluten.png" width="39" height="39">

                    
                        <a class="info" title="Producto sin gluten" href="javascript:void(0);">
                            <span class="info_text">Producto sin gluten</span>
                        </a>
                    
                
            
        </div>

        <img class="article_image" alt="SALSA PRÉSIDENT BECHAMEL SIN GLUTEN 500 ML" data-original="//static.condisline.com/resize_190x200/images/catalog/large/110388.jpg" src="//static.condisline.com/resize_190x200/images/catalog/large/110388.jpg" width="190" height="200" style="display: block;">

        <meta itemprop="image" content="//static.condisline.com/resize_190x200/images/catalog/large/110388.jpg">

        <div class="article_price_container" itemprop="offers" itemscope="" itemtype="http://schema.org/Offer">

            <!-- Price -->
            
                <span class="offer">Antes <span id="list_price_110388">3,59</span>€</span>
                <span class="article_price" itemprop="price"><span id="sale_price_110388">3,29</span></span>
                <span class="currency">€</span>
                <script>
                    formatNumber('3.59', 'list_price_110388');
                    formatNumber('3.29', 'sale_price_110388');
                </script>
            

            <meta itemprop="priceCurrency" content="EUR">
            <div class="unit_container">
                
                    <a class="substract_button" title="Menos" href="javascript:void(0);">-</a>
                
                <label class="quantity_container">
                    
                        
                            <input class="input_quantity_product" id="item_quantity_110388" type="number" data-product="110388" value="" min="1" max="999" required="" autocomplete="off">
                        
                    
                </label>
                
                    <a class="add_button" title="Más" href="javascript:void(0);">+</a>
                    <a class="added_tick" title="Cambiar unidades" href="javascript:void(0);"></a>
                
            </div>

            
                
                    <div class="article_pum">
                        <span>      6,58€/Kilo</span>
                    </div>
                
            

            
                
                    <a data-product-id="110388" class="orange_button btn_add2cart" title="Añadir al carrito" onclick="dataLayer.push({event: 'event_gtm',category:'acciones usuario', action:'a�adir producto desde listado'})" href="javascript:addToCartFromItemList('110388')">AÑADIR AL CARRITO &gt;</a>
                
            
            <span class="added_button">En carrito</span>

            
            
            <a class="white_button" title="Añadir a mi lista" href="javascript:addToListFromItemList('110388')" onclick="dataLayer.push({event: 'event_gtm',category:'acciones usuario', action:'a�adir producto a lista'});">Añadir a mi lista</a>
            
            
        </div>

        
            <a class="article_link" title="Ver ficha de SALSA PRÉSIDENT BECHAMEL SIN GLUTEN 500 ML" href="/SALSA-PRESIDENT-BECHAMEL-SIN-GLUTEN-500-ML_110388_prd_es_ES.jsp" onclick="javascript:callingTaggingEnpoints('')" itemprop="url"></a>
        
        <div class="hover_container">
            <div class="hover">
                <div class="info_symbol"></div>
            </div>
        </div>

        
            <img width="116" height="114" src="//static.condisline.com/resize_128x128/images/product_icons_corner/oferta_grande.png" alt="" class="promotion_image">
        

        
    </article>
            </li>
        
            <li class="article" itemprop="itemListElement" itemscope="" itemtype="http://schema.org/Product">
                
    <article class="article_container" id="item_description_524107">


    
        <a class="article_name" title="Ver ficha de TOMATE REALFOODIN FRITO TARRO 300 G" href="/TOMATE-REALFOODIN-FRITO-TARRO-300-G_524107_prd_es_ES.jsp" itemprop="url"><span itemprop="name" id="description_text">TOMATE REALFOODIN FRITO TARRO 300 G</span></a>
    

        <!--informacion de gluten y calorias -->
        <div class="info_container">

            

            
                
                    <img class="info_icon" alt="10% Descuento para suscriptores Condisline Prime" src="//static.condisline.com/resize_39x39/images/product_icons/icon_subscription.png" width="39" height="39">

                    
                        <a class="info" title="10% Descuento para suscriptores Condisline Prime" href="javascript:void(0);">
                            <span class="info_text">10% Descuento para suscriptores Condisline Prime</span>
                        </a>
                    
                
            
        </div>

        <img class="article_image" alt="TOMATE REALFOODIN FRITO TARRO 300 G" data-original="//static.condisline.com/resize_190x200/images/catalog/large/524107.jpg" src="//static.condisline.com/resize_190x200/images/catalog/large/524107.jpg" width="190" height="200" style="display: block;">

        <meta itemprop="image" content="//static.condisline.com/resize_190x200/images/catalog/large/524107.jpg">

        <div class="article_price_container" itemprop="offers" itemscope="" itemtype="http://schema.org/Offer">

            <!-- Price -->
            
                <span class="offer">Antes <span id="list_price_524107">3,49</span>€</span>
                <span class="article_price" itemprop="price"><span id="sale_price_524107">2,95</span></span>
                <span class="currency">€</span>
                <script>
                    formatNumber('3.49', 'list_price_524107');
                    formatNumber('2.95', 'sale_price_524107');
                </script>
            

            <meta itemprop="priceCurrency" content="EUR">
            <div class="unit_container">
                
                    <a class="substract_button" title="Menos" href="javascript:void(0);">-</a>
                
                <label class="quantity_container">
                    
                        
                            <input class="input_quantity_product" id="item_quantity_524107" type="number" data-product="524107" value="" min="1" max="999" required="" autocomplete="off">
                        
                    
                </label>
                
                    <a class="add_button" title="Más" href="javascript:void(0);">+</a>
                    <a class="added_tick" title="Cambiar unidades" href="javascript:void(0);"></a>
                
            </div>

            
                
                    <div class="article_pum">
                        <span>      9,83€/Kilo</span>
                    </div>
                
            

            
                
                    <a data-product-id="524107" class="orange_button btn_add2cart" title="Añadir al carrito" onclick="dataLayer.push({event: 'event_gtm',category:'acciones usuario', action:'a�adir producto desde listado'})" href="javascript:addToCartFromItemList('524107')">AÑADIR AL CARRITO &gt;</a>
                
            
            <span class="added_button">En carrito</span>

            
            
            <a class="white_button" title="Añadir a mi lista" href="javascript:addToListFromItemList('524107')" onclick="dataLayer.push({event: 'event_gtm',category:'acciones usuario', action:'a�adir producto a lista'});">Añadir a mi lista</a>
            
            
        </div>

        
            <a class="article_link" title="Ver ficha de TOMATE REALFOODIN FRITO TARRO 300 G" href="/TOMATE-REALFOODIN-FRITO-TARRO-300-G_524107_prd_es_ES.jsp" onclick="javascript:callingTaggingEnpoints('')" itemprop="url"></a>
        
        <div class="hover_container">
            <div class="hover">
                <div class="info_symbol"></div>
            </div>
        </div>

        
            <img width="116" height="114" src="//static.condisline.com/resize_128x128/images/product_icons_corner/oferta_grande.png" alt="" class="promotion_image">
        

        
    </article>
            </li>
        
            <li class="article" itemprop="itemListElement" itemscope="" itemtype="http://schema.org/Product">
                
    <article class="article_container" id="item_description_720865">


    
        <a class="article_name" title="Ver ficha de SALSA YBARRA COCKTAIL 225 G" href="/SALSA-YBARRA-COCKTAIL-225-G_720865_prd_es_ES.jsp" itemprop="url"><span itemprop="name" id="description_text">SALSA YBARRA COCKTAIL 225 G</span></a>
    

        <!--informacion de gluten y calorias -->
        <div class="info_container">

            
                <span class="calories">430 <span>kcal</span></span>
                <a class="info" title="Producto con 430 kilocalorías" href="javascript:void(0);">
                    <span class="info_text">Producto con 430 kilocalorías.</span>
                </a>
            

            
                
                    <img class="info_icon" alt="10% Descuento para suscriptores Condisline Prime" src="//static.condisline.com/resize_39x39/images/product_icons/icon_subscription.png" width="39" height="39">

                    
                        <a class="info" title="10% Descuento para suscriptores Condisline Prime" href="javascript:void(0);">
                            <span class="info_text">10% Descuento para suscriptores Condisline Prime</span>
                        </a>
                    
                
            
        </div>

        <img class="article_image" alt="SALSA YBARRA COCKTAIL 225 G" data-original="//static.condisline.com/resize_190x200/images/catalog/large/720865.jpg" src="//static.condisline.com/resize_190x200/images/catalog/large/720865.jpg" width="190" height="200" style="display: block;">

        <meta itemprop="image" content="//static.condisline.com/resize_190x200/images/catalog/large/720865.jpg">

        <div class="article_price_container" itemprop="offers" itemscope="" itemtype="http://schema.org/Offer">

            <!-- Price -->
            
                <span class="offer">Antes <span id="list_price_720865">1,69</span>€</span>
                <span class="article_price" itemprop="price"><span id="sale_price_720865">1,55</span></span>
                <span class="currency">€</span>
                <script>
                    formatNumber('1.69', 'list_price_720865');
                    formatNumber('1.55', 'sale_price_720865');
                </script>
            

            <meta itemprop="priceCurrency" content="EUR">
            <div class="unit_container">
                
                    <a class="substract_button" title="Menos" href="javascript:void(0);">-</a>
                
                <label class="quantity_container">
                    
                        
                            <input class="input_quantity_product" id="item_quantity_720865" type="number" data-product="720865" value="" min="1" max="999" required="" autocomplete="off">
                        
                    
                </label>
                
                    <a class="add_button" title="Más" href="javascript:void(0);">+</a>
                    <a class="added_tick" title="Cambiar unidades" href="javascript:void(0);"></a>
                
            </div>

            
                
                    <div class="article_pum">
                        <span>      6,89€/Kilo</span>
                    </div>
                
            

            
                
                    <a data-product-id="720865" class="orange_button btn_add2cart" title="Añadir al carrito" onclick="dataLayer.push({event: 'event_gtm',category:'acciones usuario', action:'a�adir producto desde listado'})" href="javascript:addToCartFromItemList('720865')">AÑADIR AL CARRITO &gt;</a>
                
            
            <span class="added_button">En carrito</span>

            
            
            <a class="white_button" title="Añadir a mi lista" href="javascript:addToListFromItemList('720865')" onclick="dataLayer.push({event: 'event_gtm',category:'acciones usuario', action:'a�adir producto a lista'});">Añadir a mi lista</a>
            
            
        </div>

        
            <a class="article_link" title="Ver ficha de SALSA YBARRA COCKTAIL 225 G" href="/SALSA-YBARRA-COCKTAIL-225-G_720865_prd_es_ES.jsp" onclick="javascript:callingTaggingEnpoints('')" itemprop="url"></a>
        
        <div class="hover_container">
            <div class="hover">
                <div class="info_symbol"></div>
            </div>
        </div>

        
            <img width="116" height="114" src="//static.condisline.com/resize_128x128/images/product_icons_corner/oferta_grande.png" alt="" class="promotion_image">
        

        
    </article>
            </li>
        
            <li class="article" itemprop="itemListElement" itemscope="" itemtype="http://schema.org/Product">
                
    <article class="article_container" id="item_description_524111">


    
        <a class="article_name" title="Ver ficha de TOMATE ORLANDO FRITO CRISTAL 340 G" href="/TOMATE-ORLANDO-FRITO-CRISTAL-340-G_524111_prd_es_ES.jsp" itemprop="url"><span itemprop="name" id="description_text">TOMATE ORLANDO FRITO CRISTAL 340 G</span></a>
    

        <!--informacion de gluten y calorias -->
        <div class="info_container">

            
                <span class="calories">73 <span>kcal</span></span>
                <a class="info" title="Producto con 73 kilocalorías" href="javascript:void(0);">
                    <span class="info_text">Producto con 73 kilocalorías.</span>
                </a>
            

            
                
                    <img class="info_icon" alt="10% Descuento para suscriptores Condisline Prime" src="//static.condisline.com/resize_39x39/images/product_icons/icon_subscription.png" width="39" height="39">

                    
                        <a class="info" title="10% Descuento para suscriptores Condisline Prime" href="javascript:void(0);">
                            <span class="info_text">10% Descuento para suscriptores Condisline Prime</span>
                        </a>
                    
                
            
        </div>

        <img class="article_image" alt="TOMATE ORLANDO FRITO CRISTAL 340 G" data-original="//static.condisline.com/resize_190x200/images/catalog/large/524111.jpg" src="//static.condisline.com/resize_190x200/images/catalog/large/524111.jpg" width="190" height="200" style="display: block;">

        <meta itemprop="image" content="//static.condisline.com/resize_190x200/images/catalog/large/524111.jpg">

        <div class="article_price_container" itemprop="offers" itemscope="" itemtype="http://schema.org/Offer">

            <!-- Price -->
            
                <span class="offer">Antes <span id="list_price_524111">1,35</span>€</span>
                <span class="article_price" itemprop="price"><span id="sale_price_524111">1,00</span></span>
                <span class="currency">€</span>
                <script>
                    formatNumber('1.35', 'list_price_524111');
                    formatNumber('1', 'sale_price_524111');
                </script>
            

            <meta itemprop="priceCurrency" content="EUR">
            <div class="unit_container">
                
                    <a class="substract_button" title="Menos" href="javascript:void(0);">-</a>
                
                <label class="quantity_container">
                    
                        
                            <input class="input_quantity_product" id="item_quantity_524111" type="number" data-product="524111" value="" min="1" max="999" required="" autocomplete="off">
                        
                    
                </label>
                
                    <a class="add_button" title="Más" href="javascript:void(0);">+</a>
                    <a class="added_tick" title="Cambiar unidades" href="javascript:void(0);"></a>
                
            </div>

            
                
                    <div class="article_pum">
                        <span>      2,94€/Kilo</span>
                    </div>
                
            

            
                
                    <a data-product-id="524111" class="orange_button btn_add2cart" title="Añadir al carrito" onclick="dataLayer.push({event: 'event_gtm',category:'acciones usuario', action:'a�adir producto desde listado'})" href="javascript:addToCartFromItemList('524111')">AÑADIR AL CARRITO &gt;</a>
                
            
            <span class="added_button">En carrito</span>

            
            
            <a class="white_button" title="Añadir a mi lista" href="javascript:addToListFromItemList('524111')" onclick="dataLayer.push({event: 'event_gtm',category:'acciones usuario', action:'a�adir producto a lista'});">Añadir a mi lista</a>
            
            
        </div>

        
            <a class="article_link" title="Ver ficha de TOMATE ORLANDO FRITO CRISTAL 340 G" href="/TOMATE-ORLANDO-FRITO-CRISTAL-340-G_524111_prd_es_ES.jsp" onclick="javascript:callingTaggingEnpoints('')" itemprop="url"></a>
        
        <div class="hover_container">
            <div class="hover">
                <div class="info_symbol"></div>
            </div>
        </div>

        
            <img width="116" height="114" src="//static.condisline.com/resize_128x128/images/product_icons_corner/oferta_grande.png" alt="" class="promotion_image">
        

        
    </article>
            </li>
        
            <li class="article" itemprop="itemListElement" itemscope="" itemtype="http://schema.org/Product">
                
    <article class="article_container" id="item_description_519066">


    
        <a class="article_name" title="Ver ficha de MAYONESA PRIMA ORIGINAL 400 G" href="/MAYONESA-PRIMA-ORIGINAL-400-G_519066_prd_es_ES.jsp" itemprop="url"><span itemprop="name" id="description_text">MAYONESA PRIMA ORIGINAL 400 G</span></a>
    

        <!--informacion de gluten y calorias -->
        <div class="info_container">

            

            
                
                    <img class="info_icon" alt="10% Descuento para suscriptores Condisline Prime" src="//static.condisline.com/resize_39x39/images/product_icons/icon_subscription.png" width="39" height="39">

                    
                        <a class="info" title="10% Descuento para suscriptores Condisline Prime" href="javascript:void(0);">
                            <span class="info_text">10% Descuento para suscriptores Condisline Prime</span>
                        </a>
                    
                
            
        </div>

        <img class="article_image" alt="MAYONESA PRIMA ORIGINAL 400 G" data-original="//static.condisline.com/resize_190x200/images/catalog/large/519066.jpg" src="//static.condisline.com/resize_190x200/images/catalog/large/519066.jpg" width="190" height="200" style="display: block;">

        <meta itemprop="image" content="//static.condisline.com/resize_190x200/images/catalog/large/519066.jpg">

        <div class="article_price_container" itemprop="offers" itemscope="" itemtype="http://schema.org/Offer">

            <!-- Price -->
            
                <span class="offer">Antes <span id="list_price_519066">2,19</span>€</span>
                <span class="article_price" itemprop="price"><span id="sale_price_519066">1,79</span></span>
                <span class="currency">€</span>
                <script>
                    formatNumber('2.19', 'list_price_519066');
                    formatNumber('1.79', 'sale_price_519066');
                </script>
            

            <meta itemprop="priceCurrency" content="EUR">
            <div class="unit_container">
                
                    <a class="substract_button" title="Menos" href="javascript:void(0);">-</a>
                
                <label class="quantity_container">
                    
                        
                            <input class="input_quantity_product" id="item_quantity_519066" type="number" data-product="519066" value="" min="1" max="999" required="" autocomplete="off">
                        
                    
                </label>
                
                    <a class="add_button" title="Más" href="javascript:void(0);">+</a>
                    <a class="added_tick" title="Cambiar unidades" href="javascript:void(0);"></a>
                
            </div>

            
                
                    <div class="article_pum">
                        <span>      4,48€/Kilo</span>
                    </div>
                
            

            
                
                    <a data-product-id="519066" class="orange_button btn_add2cart" title="Añadir al carrito" onclick="dataLayer.push({event: 'event_gtm',category:'acciones usuario', action:'a�adir producto desde listado'})" href="javascript:addToCartFromItemList('519066')">AÑADIR AL CARRITO &gt;</a>
                
            
            <span class="added_button">En carrito</span>

            
            
            <a class="white_button" title="Añadir a mi lista" href="javascript:addToListFromItemList('519066')" onclick="dataLayer.push({event: 'event_gtm',category:'acciones usuario', action:'a�adir producto a lista'});">Añadir a mi lista</a>
            
            
        </div>

        
            <a class="article_link" title="Ver ficha de MAYONESA PRIMA ORIGINAL 400 G" href="/MAYONESA-PRIMA-ORIGINAL-400-G_519066_prd_es_ES.jsp" onclick="javascript:callingTaggingEnpoints('')" itemprop="url"></a>
        
        <div class="hover_container">
            <div class="hover">
                <div class="info_symbol"></div>
            </div>
        </div>

        
            <img width="116" height="114" src="//static.condisline.com/resize_128x128/images/product_icons_corner/oferta_grande.png" alt="" class="promotion_image">
        

        
    </article>
            </li>
        
            <li class="article" itemprop="itemListElement" itemscope="" itemtype="http://schema.org/Product">
                
    <article class="article_container" id="item_description_110263">


    
        <a class="article_name" title="Ver ficha de SALSA CHOVI KEBAB WHITE 250 G" href="/SALSA-CHOVI-KEBAB-WHITE-250-G_110263_prd_es_ES.jsp" itemprop="url"><span itemprop="name" id="description_text">SALSA CHOVI KEBAB WHITE 250 G</span></a>
    

        <!--informacion de gluten y calorias -->
        <div class="info_container">

            
                <span class="calories">507 <span>kcal</span></span>
                <a class="info" title="Producto con 507 kilocalorías" href="javascript:void(0);">
                    <span class="info_text">Producto con 507 kilocalorías.</span>
                </a>
            

            
                
                    <img class="info_icon" alt="10% Descuento para suscriptores Condisline Prime" src="//static.condisline.com/resize_39x39/images/product_icons/icon_subscription.png" width="39" height="39">

                    
                        <a class="info" title="10% Descuento para suscriptores Condisline Prime" href="javascript:void(0);">
                            <span class="info_text">10% Descuento para suscriptores Condisline Prime</span>
                        </a>
                    
                
            
        </div>

        <img class="article_image" alt="SALSA CHOVI KEBAB WHITE 250 G" data-original="//static.condisline.com/resize_190x200/images/catalog/large/110263.jpg" src="//static.condisline.com/resize_190x200/images/catalog/large/110263.jpg" width="190" height="200" style="display: block;">

        <meta itemprop="image" content="//static.condisline.com/resize_190x200/images/catalog/large/110263.jpg">

        <div class="article_price_container" itemprop="offers" itemscope="" itemtype="http://schema.org/Offer">

            <!-- Price -->
            
                <span class="offer">Antes <span id="list_price_110263">2,49</span>€</span>
                <span class="article_price" itemprop="price"><span id="sale_price_110263">2,19</span></span>
                <span class="currency">€</span>
                <script>
                    formatNumber('2.49', 'list_price_110263');
                    formatNumber('2.19', 'sale_price_110263');
                </script>
            

            <meta itemprop="priceCurrency" content="EUR">
            <div class="unit_container">
                
                    <a class="substract_button" title="Menos" href="javascript:void(0);">-</a>
                
                <label class="quantity_container">
                    
                        
                            <input class="input_quantity_product" id="item_quantity_110263" type="number" data-product="110263" value="" min="1" max="999" required="" autocomplete="off">
                        
                    
                </label>
                
                    <a class="add_button" title="Más" href="javascript:void(0);">+</a>
                    <a class="added_tick" title="Cambiar unidades" href="javascript:void(0);"></a>
                
            </div>

            
                
                    <div class="article_pum">
                        <span>      8,76€/Kilo</span>
                    </div>
                
            

            
                
                    <a data-product-id="110263" class="orange_button btn_add2cart" title="Añadir al carrito" onclick="dataLayer.push({event: 'event_gtm',category:'acciones usuario', action:'a�adir producto desde listado'})" href="javascript:addToCartFromItemList('110263')">AÑADIR AL CARRITO &gt;</a>
                
            
            <span class="added_button">En carrito</span>

            
            
            <a class="white_button" title="Añadir a mi lista" href="javascript:addToListFromItemList('110263')" onclick="dataLayer.push({event: 'event_gtm',category:'acciones usuario', action:'a�adir producto a lista'});">Añadir a mi lista</a>
            
            
        </div>

        
            <a class="article_link" title="Ver ficha de SALSA CHOVI KEBAB WHITE 250 G" href="/SALSA-CHOVI-KEBAB-WHITE-250-G_110263_prd_es_ES.jsp" onclick="javascript:callingTaggingEnpoints('')" itemprop="url"></a>
        
        <div class="hover_container">
            <div class="hover">
                <div class="info_symbol"></div>
            </div>
        </div>

        
            <img width="116" height="114" src="//static.condisline.com/resize_128x128/images/product_icons_corner/oferta_grande.png" alt="" class="promotion_image">
        

        
    </article>
            </li>
        
            <li class="article" itemprop="itemListElement" itemscope="" itemtype="http://schema.org/Product">
                
    <article class="article_container" id="item_description_524738">


    
        <a class="article_name" title="Ver ficha de TOMATE SOLÍS FRITO FRASCO 360 G" href="/TOMATE-SOLIS-FRITO-FRASCO-360-G_524738_prd_es_ES.jsp" itemprop="url"><span itemprop="name" id="description_text">TOMATE SOLÍS FRITO FRASCO 360 G</span></a>
    

        <!--informacion de gluten y calorias -->
        <div class="info_container">

            
                <span class="calories">70 <span>kcal</span></span>
                <a class="info" title="Producto con 70 kilocalorías" href="javascript:void(0);">
                    <span class="info_text">Producto con 70 kilocalorías.</span>
                </a>
            

            
                
                    <img class="info_icon" alt="10% Descuento para suscriptores Condisline Prime" src="//static.condisline.com/resize_39x39/images/product_icons/icon_subscription.png" width="39" height="39">

                    
                        <a class="info" title="10% Descuento para suscriptores Condisline Prime" href="javascript:void(0);">
                            <span class="info_text">10% Descuento para suscriptores Condisline Prime</span>
                        </a>
                    
                
                    <img class="info_icon" alt="Producto sin gluten" src="//static.condisline.com/resize_39x39/images/product_icons/no_gluten.png" width="39" height="39">

                    
                        <a class="info" title="Producto sin gluten" href="javascript:void(0);">
                            <span class="info_text">Producto sin gluten</span>
                        </a>
                    
                
            
        </div>

        <img class="article_image" alt="TOMATE SOLÍS FRITO FRASCO 360 G" data-original="//static.condisline.com/resize_190x200/images/catalog/large/524738.jpg" src="//static.condisline.com/resize_190x200/images/catalog/large/524738.jpg" width="190" height="200" style="display: block;">

        <meta itemprop="image" content="//static.condisline.com/resize_190x200/images/catalog/large/524738.jpg">

        <div class="article_price_container" itemprop="offers" itemscope="" itemtype="http://schema.org/Offer">

            <!-- Price -->
            
                
                <span class="article_price" itemprop="price"><span id="list_price_524738">1,49</span></span>
                <span class="currency">€</span>
                <script>
                    formatNumber('1.49', 'list_price_524738');
                </script>
            

            <meta itemprop="priceCurrency" content="EUR">
            <div class="unit_container">
                
                    <a class="substract_button" title="Menos" href="javascript:void(0);">-</a>
                
                <label class="quantity_container">
                    
                        
                            <input class="input_quantity_product" id="item_quantity_524738" type="number" data-product="524738" value="" min="1" max="999" required="" autocomplete="off">
                        
                    
                </label>
                
                    <a class="add_button" title="Más" href="javascript:void(0);">+</a>
                    <a class="added_tick" title="Cambiar unidades" href="javascript:void(0);"></a>
                
            </div>

            
                
                    <div class="article_pum">
                        <span>      4,14€/Kilo</span>
                    </div>
                
            

            
                
                    <a data-product-id="524738" class="orange_button btn_add2cart" title="Añadir al carrito" onclick="dataLayer.push({event: 'event_gtm',category:'acciones usuario', action:'a�adir producto desde listado'})" href="javascript:addToCartFromItemList('524738')">AÑADIR AL CARRITO &gt;</a>
                
            
            <span class="added_button">En carrito</span>

            
            
            <a class="white_button" title="Añadir a mi lista" href="javascript:addToListFromItemList('524738')" onclick="dataLayer.push({event: 'event_gtm',category:'acciones usuario', action:'a�adir producto a lista'});">Añadir a mi lista</a>
            
            
        </div>

        
            <a class="article_link" title="Ver ficha de TOMATE SOLÍS FRITO FRASCO 360 G" href="/TOMATE-SOLIS-FRITO-FRASCO-360-G_524738_prd_es_ES.jsp" onclick="javascript:callingTaggingEnpoints('')" itemprop="url"></a>
        
        <div class="hover_container">
            <div class="hover">
                <div class="info_symbol"></div>
            </div>
        </div>

        

        
    </article>
            </li>
        
            <li class="article" itemprop="itemListElement" itemscope="" itemtype="http://schema.org/Product">
                
    <article class="article_container" id="item_description_524013">


    
        <a class="article_name" title="Ver ficha de SOFRITO TOMATE CASERO FERRER 350 G " href="/SOFRITO-TOMATE-CASERO-FERRER-350-G_524013_prd_es_ES.jsp" itemprop="url"><span itemprop="name" id="description_text">SOFRITO TOMATE CASERO FERRER 350 G </span></a>
    

        <!--informacion de gluten y calorias -->
        <div class="info_container">

            
                <span class="calories">65 <span>kcal</span></span>
                <a class="info" title="Producto con 65 kilocalorías" href="javascript:void(0);">
                    <span class="info_text">Producto con 65 kilocalorías.</span>
                </a>
            

            
                
                    <img class="info_icon" alt="10% Descuento para suscriptores Condisline Prime" src="//static.condisline.com/resize_39x39/images/product_icons/icon_subscription.png" width="39" height="39">

                    
                        <a class="info" title="10% Descuento para suscriptores Condisline Prime" href="javascript:void(0);">
                            <span class="info_text">10% Descuento para suscriptores Condisline Prime</span>
                        </a>
                    
                
            
        </div>

        <img class="article_image" alt="SOFRITO TOMATE CASERO FERRER 350 G " data-original="//static.condisline.com/resize_190x200/images/catalog/large/524013.jpg" src="//static.condisline.com/resize_190x200/images/catalog/large/524013.jpg" width="190" height="200" style="display: block;">

        <meta itemprop="image" content="//static.condisline.com/resize_190x200/images/catalog/large/524013.jpg">

        <div class="article_price_container" itemprop="offers" itemscope="" itemtype="http://schema.org/Offer">

            <!-- Price -->
            
                
                <span class="article_price" itemprop="price"><span id="list_price_524013">2,25</span></span>
                <span class="currency">€</span>
                <script>
                    formatNumber('2.25', 'list_price_524013');
                </script>
            

            <meta itemprop="priceCurrency" content="EUR">
            <div class="unit_container">
                
                    <a class="substract_button" title="Menos" href="javascript:void(0);">-</a>
                
                <label class="quantity_container">
                    
                        
                            <input class="input_quantity_product" id="item_quantity_524013" type="number" data-product="524013" value="" min="1" max="999" required="" autocomplete="off">
                        
                    
                </label>
                
                    <a class="add_button" title="Más" href="javascript:void(0);">+</a>
                    <a class="added_tick" title="Cambiar unidades" href="javascript:void(0);"></a>
                
            </div>

            
                
                    <div class="article_pum">
                        <span>      6,43€/Kilo</span>
                    </div>
                
            

            
                
                    <a data-product-id="524013" class="orange_button btn_add2cart" title="Añadir al carrito" onclick="dataLayer.push({event: 'event_gtm',category:'acciones usuario', action:'a�adir producto desde listado'})" href="javascript:addToCartFromItemList('524013')">AÑADIR AL CARRITO &gt;</a>
                
            
            <span class="added_button">En carrito</span>

            
            
            <a class="white_button" title="Añadir a mi lista" href="javascript:addToListFromItemList('524013')" onclick="dataLayer.push({event: 'event_gtm',category:'acciones usuario', action:'a�adir producto a lista'});">Añadir a mi lista</a>
            
            
        </div>

        
            <a class="article_link" title="Ver ficha de SOFRITO TOMATE CASERO FERRER 350 G " href="/SOFRITO-TOMATE-CASERO-FERRER-350-G_524013_prd_es_ES.jsp" onclick="javascript:callingTaggingEnpoints('')" itemprop="url"></a>
        
        <div class="hover_container">
            <div class="hover">
                <div class="info_symbol"></div>
            </div>
        </div>

        

        
    </article>
            </li>
        
            <li class="article" itemprop="itemListElement" itemscope="" itemtype="http://schema.org/Product">
                
    <article class="article_container" id="item_description_524739">


    
        <a class="article_name" title="Ver ficha de TOMATE FRITO SOLÍS 350 G" href="/TOMATE-FRITO-SOLIS-350-G_524739_prd_es_ES.jsp" itemprop="url"><span itemprop="name" id="description_text">TOMATE FRITO SOLÍS 350 G</span></a>
    

        <!--informacion de gluten y calorias -->
        <div class="info_container">

            
                <span class="calories">70 <span>kcal</span></span>
                <a class="info" title="Producto con 70 kilocalorías" href="javascript:void(0);">
                    <span class="info_text">Producto con 70 kilocalorías.</span>
                </a>
            

            
                
                    <img class="info_icon" alt="10% Descuento para suscriptores Condisline Prime" src="//static.condisline.com/resize_39x39/images/product_icons/icon_subscription.png" width="39" height="39">

                    
                        <a class="info" title="10% Descuento para suscriptores Condisline Prime" href="javascript:void(0);">
                            <span class="info_text">10% Descuento para suscriptores Condisline Prime</span>
                        </a>
                    
                
                    <img class="info_icon" alt="Producto sin gluten" src="//static.condisline.com/resize_39x39/images/product_icons/no_gluten.png" width="39" height="39">

                    
                        <a class="info" title="Producto sin gluten" href="javascript:void(0);">
                            <span class="info_text">Producto sin gluten</span>
                        </a>
                    
                
            
        </div>

        <img class="article_image" alt="TOMATE FRITO SOLÍS 350 G" data-original="//static.condisline.com/resize_190x200/images/catalog/large/524739.jpg" src="//static.condisline.com/resize_190x200/images/catalog/large/524739.jpg" width="190" height="200" style="display: block;">

        <meta itemprop="image" content="//static.condisline.com/resize_190x200/images/catalog/large/524739.jpg">

        <div class="article_price_container" itemprop="offers" itemscope="" itemtype="http://schema.org/Offer">

            <!-- Price -->
            
                
                <span class="article_price" itemprop="price"><span id="list_price_524739">0,89</span></span>
                <span class="currency">€</span>
                <script>
                    formatNumber('0.89', 'list_price_524739');
                </script>
            

            <meta itemprop="priceCurrency" content="EUR">
            <div class="unit_container">
                
                    <a class="substract_button" title="Menos" href="javascript:void(0);">-</a>
                
                <label class="quantity_container">
                    
                        
                            <input class="input_quantity_product" id="item_quantity_524739" type="number" data-product="524739" value="" min="1" max="999" required="" autocomplete="off">
                        
                    
                </label>
                
                    <a class="add_button" title="Más" href="javascript:void(0);">+</a>
                    <a class="added_tick" title="Cambiar unidades" href="javascript:void(0);"></a>
                
            </div>

            
                
                    <div class="article_pum">
                        <span>      2,54€/Kilo</span>
                    </div>
                
            

            
                
                    <a data-product-id="524739" class="orange_button btn_add2cart" title="Añadir al carrito" onclick="dataLayer.push({event: 'event_gtm',category:'acciones usuario', action:'a�adir producto desde listado'})" href="javascript:addToCartFromItemList('524739')">AÑADIR AL CARRITO &gt;</a>
                
            
            <span class="added_button">En carrito</span>

            
            
            <a class="white_button" title="Añadir a mi lista" href="javascript:addToListFromItemList('524739')" onclick="dataLayer.push({event: 'event_gtm',category:'acciones usuario', action:'a�adir producto a lista'});">Añadir a mi lista</a>
            
            
        </div>

        
            <a class="article_link" title="Ver ficha de TOMATE FRITO SOLÍS 350 G" href="/TOMATE-FRITO-SOLIS-350-G_524739_prd_es_ES.jsp" onclick="javascript:callingTaggingEnpoints('')" itemprop="url"></a>
        
        <div class="hover_container">
            <div class="hover">
                <div class="info_symbol"></div>
            </div>
        </div>

        

        
    </article>
            </li>
        
            <li class="article" itemprop="itemListElement" itemscope="" itemtype="http://schema.org/Product">
                
    <article class="article_container" id="item_description_524105">


    
        <a class="article_name" title="Ver ficha de TOMATE FRITO FERRER CASERO ACEITE OLIVA 350 G" href="/TOMATE-FRITO-FERRER-CASERO-ACEITE-OLIVA-350-G_524105_prd_es_ES.jsp" itemprop="url"><span itemprop="name" id="description_text">TOMATE FRITO FERRER CASERO ACEITE OLIVA 350 G</span></a>
    

        <!--informacion de gluten y calorias -->
        <div class="info_container">

            

            
                
                    <img class="info_icon" alt="10% Descuento para suscriptores Condisline Prime" src="//static.condisline.com/resize_39x39/images/product_icons/icon_subscription.png" width="39" height="39">

                    
                        <a class="info" title="10% Descuento para suscriptores Condisline Prime" href="javascript:void(0);">
                            <span class="info_text">10% Descuento para suscriptores Condisline Prime</span>
                        </a>
                    
                
            
        </div>

        <img class="article_image" alt="TOMATE FRITO FERRER CASERO ACEITE OLIVA 350 G" data-original="//static.condisline.com/resize_190x200/images/catalog/large/524105.jpg" src="//static.condisline.com/resize_190x200/images/catalog/large/524105.jpg" width="190" height="200" style="display: block;">

        <meta itemprop="image" content="//static.condisline.com/resize_190x200/images/catalog/large/524105.jpg">

        <div class="article_price_container" itemprop="offers" itemscope="" itemtype="http://schema.org/Offer">

            <!-- Price -->
            
                
                <span class="article_price" itemprop="price"><span id="list_price_524105">2,35</span></span>
                <span class="currency">€</span>
                <script>
                    formatNumber('2.35', 'list_price_524105');
                </script>
            

            <meta itemprop="priceCurrency" content="EUR">
            <div class="unit_container">
                
                    <a class="substract_button" title="Menos" href="javascript:void(0);">-</a>
                
                <label class="quantity_container">
                    
                        
                            <input class="input_quantity_product" id="item_quantity_524105" type="number" data-product="524105" value="" min="1" max="999" required="" autocomplete="off">
                        
                    
                </label>
                
                    <a class="add_button" title="Más" href="javascript:void(0);">+</a>
                    <a class="added_tick" title="Cambiar unidades" href="javascript:void(0);"></a>
                
            </div>

            
                
                    <div class="article_pum">
                        <span>      6,71€/Kilo</span>
                    </div>
                
            

            
                
                    <a data-product-id="524105" class="orange_button btn_add2cart" title="Añadir al carrito" onclick="dataLayer.push({event: 'event_gtm',category:'acciones usuario', action:'a�adir producto desde listado'})" href="javascript:addToCartFromItemList('524105')">AÑADIR AL CARRITO &gt;</a>
                
            
            <span class="added_button">En carrito</span>

            
            
            <a class="white_button" title="Añadir a mi lista" href="javascript:addToListFromItemList('524105')" onclick="dataLayer.push({event: 'event_gtm',category:'acciones usuario', action:'a�adir producto a lista'});">Añadir a mi lista</a>
            
            
        </div>

        
            <a class="article_link" title="Ver ficha de TOMATE FRITO FERRER CASERO ACEITE OLIVA 350 G" href="/TOMATE-FRITO-FERRER-CASERO-ACEITE-OLIVA-350-G_524105_prd_es_ES.jsp" onclick="javascript:callingTaggingEnpoints('')" itemprop="url"></a>
        
        <div class="hover_container">
            <div class="hover">
                <div class="info_symbol"></div>
            </div>
        </div>

        

        
    </article>
            </li>
        
            <li class="article" itemprop="itemListElement" itemscope="" itemtype="http://schema.org/Product">
                
    <article class="article_container" id="item_description_112010">


    
        <a class="article_name" title="Ver ficha de SAL MARINA CONDIS 1 KG" href="/SAL-MARINA-CONDIS-1-KG_112010_prd_es_ES.jsp" itemprop="url"><span itemprop="name" id="description_text">SAL MARINA CONDIS 1 KG</span></a>
    

        <!--informacion de gluten y calorias -->
        <div class="info_container">

            
                <span class="calories">0 <span>kcal</span></span>
                <a class="info" title="Producto con 0 kilocalorías" href="javascript:void(0);">
                    <span class="info_text">Producto con 0 kilocalorías.</span>
                </a>
            

            
                
                    <img class="info_icon" alt="10% Descuento para suscriptores Condisline Prime" src="//static.condisline.com/resize_39x39/images/product_icons/icon_subscription.png" width="39" height="39">

                    
                        <a class="info" title="10% Descuento para suscriptores Condisline Prime" href="javascript:void(0);">
                            <span class="info_text">10% Descuento para suscriptores Condisline Prime</span>
                        </a>
                    
                
                    <img class="info_icon" alt="Marca propia" src="//static.condisline.com/resize_39x39/images/product_icons/marca_propia.png" width="39" height="39">

                    
                        <a class="info" title="Marca propia" href="javascript:void(0);">
                            <span class="info_text">Marca propia</span>
                        </a>
                    
                
            
        </div>

        <img class="article_image" alt="SAL MARINA CONDIS 1 KG" data-original="//static.condisline.com/resize_190x200/images/catalog/large/112010.jpg" src="//static.condisline.com/resize_190x200/images/catalog/large/112010.jpg" width="190" height="200" style="display: block;">

        <meta itemprop="image" content="//static.condisline.com/resize_190x200/images/catalog/large/112010.jpg">

        <div class="article_price_container" itemprop="offers" itemscope="" itemtype="http://schema.org/Offer">

            <!-- Price -->
            
                
                <span class="article_price" itemprop="price"><span id="list_price_112010">0,35</span></span>
                <span class="currency">€</span>
                <script>
                    formatNumber('0.35', 'list_price_112010');
                </script>
            

            <meta itemprop="priceCurrency" content="EUR">
            <div class="unit_container">
                
                    <a class="substract_button" title="Menos" href="javascript:void(0);">-</a>
                
                <label class="quantity_container">
                    
                        
                            <input class="input_quantity_product" id="item_quantity_112010" type="number" data-product="112010" value="" min="1" max="999" required="" autocomplete="off">
                        
                    
                </label>
                
                    <a class="add_button" title="Más" href="javascript:void(0);">+</a>
                    <a class="added_tick" title="Cambiar unidades" href="javascript:void(0);"></a>
                
            </div>

            
                
                    <div class="article_pum">
                        <span>      0,35€/Kilo</span>
                    </div>
                
            

            
                
                    <a data-product-id="112010" class="orange_button btn_add2cart" title="Añadir al carrito" onclick="dataLayer.push({event: 'event_gtm',category:'acciones usuario', action:'a�adir producto desde listado'})" href="javascript:addToCartFromItemList('112010')">AÑADIR AL CARRITO &gt;</a>
                
            
            <span class="added_button">En carrito</span>

            
            
            <a class="white_button" title="Añadir a mi lista" href="javascript:addToListFromItemList('112010')" onclick="dataLayer.push({event: 'event_gtm',category:'acciones usuario', action:'a�adir producto a lista'});">Añadir a mi lista</a>
            
            
        </div>

        
            <a class="article_link" title="Ver ficha de SAL MARINA CONDIS 1 KG" href="/SAL-MARINA-CONDIS-1-KG_112010_prd_es_ES.jsp" onclick="javascript:callingTaggingEnpoints('')" itemprop="url"></a>
        
        <div class="hover_container">
            <div class="hover">
                <div class="info_symbol"></div>
            </div>
        </div>

        

        
    </article>
            </li>
        
            <li class="article" itemprop="itemListElement" itemscope="" itemtype="http://schema.org/Product">
                
    <article class="article_container" id="item_description_524066">


    
        <a class="article_name" title="Ver ficha de TOMATE FRITO CONDIS 390 G" href="/TOMATE-FRITO-CONDIS-390-G_524066_prd_es_ES.jsp" itemprop="url"><span itemprop="name" id="description_text">TOMATE FRITO CONDIS 390 G</span></a>
    

        <!--informacion de gluten y calorias -->
        <div class="info_container">

            
                <span class="calories">73 <span>kcal</span></span>
                <a class="info" title="Producto con 73 kilocalorías" href="javascript:void(0);">
                    <span class="info_text">Producto con 73 kilocalorías.</span>
                </a>
            

            
                
                    <img class="info_icon" alt="10% Descuento para suscriptores Condisline Prime" src="//static.condisline.com/resize_39x39/images/product_icons/icon_subscription.png" width="39" height="39">

                    
                        <a class="info" title="10% Descuento para suscriptores Condisline Prime" href="javascript:void(0);">
                            <span class="info_text">10% Descuento para suscriptores Condisline Prime</span>
                        </a>
                    
                
                    <img class="info_icon" alt="Producto sin gluten" src="//static.condisline.com/resize_39x39/images/product_icons/no_gluten.png" width="39" height="39">

                    
                        <a class="info" title="Producto sin gluten" href="javascript:void(0);">
                            <span class="info_text">Producto sin gluten</span>
                        </a>
                    
                
                    <img class="info_icon" alt="Marca propia" src="//static.condisline.com/resize_39x39/images/product_icons/marca_propia.png" width="39" height="39">

                    
                        <a class="info" title="Marca propia" href="javascript:void(0);">
                            <span class="info_text">Marca propia</span>
                        </a>
                    
                
            
        </div>

        <img class="article_image" alt="TOMATE FRITO CONDIS 390 G" data-original="//static.condisline.com/resize_190x200/images/catalog/large/524066.jpg" src="//static.condisline.com/resize_190x200/images/catalog/large/524066.jpg" width="190" height="200" style="display: block;">

        <meta itemprop="image" content="//static.condisline.com/resize_190x200/images/catalog/large/524066.jpg">

        <div class="article_price_container" itemprop="offers" itemscope="" itemtype="http://schema.org/Offer">

            <!-- Price -->
            
                
                <span class="article_price" itemprop="price"><span id="list_price_524066">0,65</span></span>
                <span class="currency">€</span>
                <script>
                    formatNumber('0.65', 'list_price_524066');
                </script>
            

            <meta itemprop="priceCurrency" content="EUR">
            <div class="unit_container">
                
                    <a class="substract_button" title="Menos" href="javascript:void(0);">-</a>
                
                <label class="quantity_container">
                    
                        
                            <input class="input_quantity_product" id="item_quantity_524066" type="number" data-product="524066" value="" min="1" max="999" required="" autocomplete="off">
                        
                    
                </label>
                
                    <a class="add_button" title="Más" href="javascript:void(0);">+</a>
                    <a class="added_tick" title="Cambiar unidades" href="javascript:void(0);"></a>
                
            </div>

            
                
                    <div class="article_pum">
                        <span>      1,67€/Kilo</span>
                    </div>
                
            

            
                
                    <a data-product-id="524066" class="orange_button btn_add2cart" title="Añadir al carrito" onclick="dataLayer.push({event: 'event_gtm',category:'acciones usuario', action:'a�adir producto desde listado'})" href="javascript:addToCartFromItemList('524066')">AÑADIR AL CARRITO &gt;</a>
                
            
            <span class="added_button">En carrito</span>

            
            
            <a class="white_button" title="Añadir a mi lista" href="javascript:addToListFromItemList('524066')" onclick="dataLayer.push({event: 'event_gtm',category:'acciones usuario', action:'a�adir producto a lista'});">Añadir a mi lista</a>
            
            
        </div>

        
            <a class="article_link" title="Ver ficha de TOMATE FRITO CONDIS 390 G" href="/TOMATE-FRITO-CONDIS-390-G_524066_prd_es_ES.jsp" onclick="javascript:callingTaggingEnpoints('')" itemprop="url"></a>
        
        <div class="hover_container">
            <div class="hover">
                <div class="info_symbol"></div>
            </div>
        </div>

        

        
    </article>
            </li>
        
            <li class="article" itemprop="itemListElement" itemscope="" itemtype="http://schema.org/Product">
                
    <article class="article_container" id="item_description_524737">


    
        <a class="article_name" title="Ver ficha de TOMATE FRITO SOLÍS 725 G" href="/TOMATE-FRITO-SOLIS-725-G_524737_prd_es_ES.jsp" itemprop="url"><span itemprop="name" id="description_text">TOMATE FRITO SOLÍS 725 G</span></a>
    

        <!--informacion de gluten y calorias -->
        <div class="info_container">

            
                <span class="calories">70 <span>kcal</span></span>
                <a class="info" title="Producto con 70 kilocalorías" href="javascript:void(0);">
                    <span class="info_text">Producto con 70 kilocalorías.</span>
                </a>
            

            
                
                    <img class="info_icon" alt="10% Descuento para suscriptores Condisline Prime" src="//static.condisline.com/resize_39x39/images/product_icons/icon_subscription.png" width="39" height="39">

                    
                        <a class="info" title="10% Descuento para suscriptores Condisline Prime" href="javascript:void(0);">
                            <span class="info_text">10% Descuento para suscriptores Condisline Prime</span>
                        </a>
                    
                
                    <img class="info_icon" alt="Producto sin gluten" src="//static.condisline.com/resize_39x39/images/product_icons/no_gluten.png" width="39" height="39">

                    
                        <a class="info" title="Producto sin gluten" href="javascript:void(0);">
                            <span class="info_text">Producto sin gluten</span>
                        </a>
                    
                
            
        </div>

        <img class="article_image" alt="TOMATE FRITO SOLÍS 725 G" data-original="//static.condisline.com/resize_190x200/images/catalog/large/524737.jpg" src="//static.condisline.com/resize_190x200/images/catalog/large/524737.jpg" width="190" height="200" style="display: block;">

        <meta itemprop="image" content="//static.condisline.com/resize_190x200/images/catalog/large/524737.jpg">

        <div class="article_price_container" itemprop="offers" itemscope="" itemtype="http://schema.org/Offer">

            <!-- Price -->
            
                
                <span class="article_price" itemprop="price"><span id="list_price_524737">2,65</span></span>
                <span class="currency">€</span>
                <script>
                    formatNumber('2.65', 'list_price_524737');
                </script>
            

            <meta itemprop="priceCurrency" content="EUR">
            <div class="unit_container">
                
                    <a class="substract_button" title="Menos" href="javascript:void(0);">-</a>
                
                <label class="quantity_container">
                    
                        
                            <input class="input_quantity_product" id="item_quantity_524737" type="number" data-product="524737" value="" min="1" max="999" required="" autocomplete="off">
                        
                    
                </label>
                
                    <a class="add_button" title="Más" href="javascript:void(0);">+</a>
                    <a class="added_tick" title="Cambiar unidades" href="javascript:void(0);"></a>
                
            </div>

            
                
                    <div class="article_pum">
                        <span>      3,66€/Kilo</span>
                    </div>
                
            

            
                
                    <a data-product-id="524737" class="orange_button btn_add2cart" title="Añadir al carrito" onclick="dataLayer.push({event: 'event_gtm',category:'acciones usuario', action:'a�adir producto desde listado'})" href="javascript:addToCartFromItemList('524737')">AÑADIR AL CARRITO &gt;</a>
                
            
            <span class="added_button">En carrito</span>

            
            
            <a class="white_button" title="Añadir a mi lista" href="javascript:addToListFromItemList('524737')" onclick="dataLayer.push({event: 'event_gtm',category:'acciones usuario', action:'a�adir producto a lista'});">Añadir a mi lista</a>
            
            
        </div>

        
            <a class="article_link" title="Ver ficha de TOMATE FRITO SOLÍS 725 G" href="/TOMATE-FRITO-SOLIS-725-G_524737_prd_es_ES.jsp" onclick="javascript:callingTaggingEnpoints('')" itemprop="url"></a>
        
        <div class="hover_container">
            <div class="hover">
                <div class="info_symbol"></div>
            </div>
        </div>

        

        
    </article>
            </li>
        
            <li class="article" itemprop="itemListElement" itemscope="" itemtype="http://schema.org/Product">
                
    <article class="article_container" id="item_description_524094">


    
        <a class="article_name" title="Ver ficha de TOMATE FRITO CONDIS PACK 3 UNIDADES 630 G" href="/TOMATE-FRITO-CONDIS-PACK-3-UNIDADES-630-G_524094_prd_es_ES.jsp" itemprop="url"><span itemprop="name" id="description_text">TOMATE FRITO CONDIS PACK 3 UNIDADES 630 G</span></a>
    

        <!--informacion de gluten y calorias -->
        <div class="info_container">

            
                <span class="calories">73 <span>kcal</span></span>
                <a class="info" title="Producto con 73 kilocalorías" href="javascript:void(0);">
                    <span class="info_text">Producto con 73 kilocalorías.</span>
                </a>
            

            
                
                    <img class="info_icon" alt="10% Descuento para suscriptores Condisline Prime" src="//static.condisline.com/resize_39x39/images/product_icons/icon_subscription.png" width="39" height="39">

                    
                        <a class="info" title="10% Descuento para suscriptores Condisline Prime" href="javascript:void(0);">
                            <span class="info_text">10% Descuento para suscriptores Condisline Prime</span>
                        </a>
                    
                
                    <img class="info_icon" alt="Producto sin gluten" src="//static.condisline.com/resize_39x39/images/product_icons/no_gluten.png" width="39" height="39">

                    
                        <a class="info" title="Producto sin gluten" href="javascript:void(0);">
                            <span class="info_text">Producto sin gluten</span>
                        </a>
                    
                
                    <img class="info_icon" alt="Marca propia" src="//static.condisline.com/resize_39x39/images/product_icons/marca_propia.png" width="39" height="39">

                    
                        <a class="info" title="Marca propia" href="javascript:void(0);">
                            <span class="info_text">Marca propia</span>
                        </a>
                    
                
            
        </div>

        <img class="article_image" alt="TOMATE FRITO CONDIS PACK 3 UNIDADES 630 G" data-original="//static.condisline.com/resize_190x200/images/catalog/large/524094.jpg" src="//static.condisline.com/resize_190x200/images/catalog/large/524094.jpg" width="190" height="200" style="display: block;">

        <meta itemprop="image" content="//static.condisline.com/resize_190x200/images/catalog/large/524094.jpg">

        <div class="article_price_container" itemprop="offers" itemscope="" itemtype="http://schema.org/Offer">

            <!-- Price -->
            
                
                <span class="article_price" itemprop="price"><span id="list_price_524094">1,00</span></span>
                <span class="currency">€</span>
                <script>
                    formatNumber('1', 'list_price_524094');
                </script>
            

            <meta itemprop="priceCurrency" content="EUR">
            <div class="unit_container">
                
                    <a class="substract_button" title="Menos" href="javascript:void(0);">-</a>
                
                <label class="quantity_container">
                    
                        
                            <input class="input_quantity_product" id="item_quantity_524094" type="number" data-product="524094" value="" min="1" max="999" required="" autocomplete="off">
                        
                    
                </label>
                
                    <a class="add_button" title="Más" href="javascript:void(0);">+</a>
                    <a class="added_tick" title="Cambiar unidades" href="javascript:void(0);"></a>
                
            </div>

            
                
                    <div class="article_pum">
                        <span>      1,59€/Kilo</span>
                    </div>
                
            

            
                
                    <a data-product-id="524094" class="orange_button btn_add2cart" title="Añadir al carrito" onclick="dataLayer.push({event: 'event_gtm',category:'acciones usuario', action:'a�adir producto desde listado'})" href="javascript:addToCartFromItemList('524094')">AÑADIR AL CARRITO &gt;</a>
                
            
            <span class="added_button">En carrito</span>

            
            
            <a class="white_button" title="Añadir a mi lista" href="javascript:addToListFromItemList('524094')" onclick="dataLayer.push({event: 'event_gtm',category:'acciones usuario', action:'a�adir producto a lista'});">Añadir a mi lista</a>
            
            
        </div>

        
            <a class="article_link" title="Ver ficha de TOMATE FRITO CONDIS PACK 3 UNIDADES 630 G" href="/TOMATE-FRITO-CONDIS-PACK-3-UNIDADES-630-G_524094_prd_es_ES.jsp" onclick="javascript:callingTaggingEnpoints('')" itemprop="url"></a>
        
        <div class="hover_container">
            <div class="hover">
                <div class="info_symbol"></div>
            </div>
        </div>

        

        
    </article>
            </li>
        
            <li class="article" itemprop="itemListElement" itemscope="" itemtype="http://schema.org/Product">
                
    <article class="article_container" id="item_description_110119">


    
        <a class="article_name" title="Ver ficha de SOFRITO GALLINA BLANCA TOMATE CEBOLLA 350 G" href="/SOFRITO-GALLINA-BLANCA-TOMATE-CEBOLLA-350-G_110119_prd_es_ES.jsp" itemprop="url"><span itemprop="name" id="description_text">SOFRITO GALLINA BLANCA TOMATE CEBOLLA 350 G</span></a>
    

        <!--informacion de gluten y calorias -->
        <div class="info_container">

            
                <span class="calories">75 <span>kcal</span></span>
                <a class="info" title="Producto con 75 kilocalorías" href="javascript:void(0);">
                    <span class="info_text">Producto con 75 kilocalorías.</span>
                </a>
            

            
                
                    <img class="info_icon" alt="10% Descuento para suscriptores Condisline Prime" src="//static.condisline.com/resize_39x39/images/product_icons/icon_subscription.png" width="39" height="39">

                    
                        <a class="info" title="10% Descuento para suscriptores Condisline Prime" href="javascript:void(0);">
                            <span class="info_text">10% Descuento para suscriptores Condisline Prime</span>
                        </a>
                    
                
            
        </div>

        <img class="article_image" alt="SOFRITO GALLINA BLANCA TOMATE CEBOLLA 350 G" data-original="//static.condisline.com/resize_190x200/images/catalog/large/110119.jpg" src="//static.condisline.com/resize_190x200/images/catalog/large/110119.jpg" width="190" height="200" style="display: block;">

        <meta itemprop="image" content="//static.condisline.com/resize_190x200/images/catalog/large/110119.jpg">

        <div class="article_price_container" itemprop="offers" itemscope="" itemtype="http://schema.org/Offer">

            <!-- Price -->
            
                
                <span class="article_price" itemprop="price"><span id="list_price_110119">2,25</span></span>
                <span class="currency">€</span>
                <script>
                    formatNumber('2.25', 'list_price_110119');
                </script>
            

            <meta itemprop="priceCurrency" content="EUR">
            <div class="unit_container">
                
                    <a class="substract_button" title="Menos" href="javascript:void(0);">-</a>
                
                <label class="quantity_container">
                    
                        
                            <input class="input_quantity_product" id="item_quantity_110119" type="number" data-product="110119" value="" min="1" max="999" required="" autocomplete="off">
                        
                    
                </label>
                
                    <a class="add_button" title="Más" href="javascript:void(0);">+</a>
                    <a class="added_tick" title="Cambiar unidades" href="javascript:void(0);"></a>
                
            </div>

            
                
                    <div class="article_pum">
                        <span>      6,43€/Kilo</span>
                    </div>
                
            

            
                
                    <a data-product-id="110119" class="orange_button btn_add2cart" title="Añadir al carrito" onclick="dataLayer.push({event: 'event_gtm',category:'acciones usuario', action:'a�adir producto desde listado'})" href="javascript:addToCartFromItemList('110119')">AÑADIR AL CARRITO &gt;</a>
                
            
            <span class="added_button">En carrito</span>

            
            
            <a class="white_button" title="Añadir a mi lista" href="javascript:addToListFromItemList('110119')" onclick="dataLayer.push({event: 'event_gtm',category:'acciones usuario', action:'a�adir producto a lista'});">Añadir a mi lista</a>
            
            
        </div>

        
            <a class="article_link" title="Ver ficha de SOFRITO GALLINA BLANCA TOMATE CEBOLLA 350 G" href="/SOFRITO-GALLINA-BLANCA-TOMATE-CEBOLLA-350-G_110119_prd_es_ES.jsp" onclick="javascript:callingTaggingEnpoints('')" itemprop="url"></a>
        
        <div class="hover_container">
            <div class="hover">
                <div class="info_symbol"></div>
            </div>
        </div>

        

        
    </article>
            </li>
        
            <li class="article" itemprop="itemListElement" itemscope="" itemtype="http://schema.org/Product">
                
    <article class="article_container" id="item_description_519286">


    
        <a class="article_name" title="Ver ficha de MAYONESA HELLMANN'S 450 G" href="/MAYONESA-HELLMANN-S-450-G_519286_prd_es_ES.jsp" itemprop="url"><span itemprop="name" id="description_text">MAYONESA HELLMANN'S 450 G</span></a>
    

        <!--informacion de gluten y calorias -->
        <div class="info_container">

            
                <span class="calories">554 <span>kcal</span></span>
                <a class="info" title="Producto con 554 kilocalorías" href="javascript:void(0);">
                    <span class="info_text">Producto con 554 kilocalorías.</span>
                </a>
            

            
                
                    <img class="info_icon" alt="10% Descuento para suscriptores Condisline Prime" src="//static.condisline.com/resize_39x39/images/product_icons/icon_subscription.png" width="39" height="39">

                    
                        <a class="info" title="10% Descuento para suscriptores Condisline Prime" href="javascript:void(0);">
                            <span class="info_text">10% Descuento para suscriptores Condisline Prime</span>
                        </a>
                    
                
            
        </div>

        <img class="article_image" alt="MAYONESA HELLMANN'S 450 G" data-original="//static.condisline.com/resize_190x200/images/catalog/large/519286.jpg" src="//static.condisline.com/resize_190x200/images/catalog/large/519286.jpg" width="190" height="200" style="display: block;">

        <meta itemprop="image" content="//static.condisline.com/resize_190x200/images/catalog/large/519286.jpg">

        <div class="article_price_container" itemprop="offers" itemscope="" itemtype="http://schema.org/Offer">

            <!-- Price -->
            
                
                <span class="article_price" itemprop="price"><span id="list_price_519286">3,25</span></span>
                <span class="currency">€</span>
                <script>
                    formatNumber('3.25', 'list_price_519286');
                </script>
            

            <meta itemprop="priceCurrency" content="EUR">
            <div class="unit_container">
                
                    <a class="substract_button" title="Menos" href="javascript:void(0);">-</a>
                
                <label class="quantity_container">
                    
                        
                            <input class="input_quantity_product" id="item_quantity_519286" type="number" data-product="519286" value="" min="1" max="999" required="" autocomplete="off">
                        
                    
                </label>
                
                    <a class="add_button" title="Más" href="javascript:void(0);">+</a>
                    <a class="added_tick" title="Cambiar unidades" href="javascript:void(0);"></a>
                
            </div>

            
                
                    <div class="article_pum">
                        <span>      7,22€/Kilo</span>
                    </div>
                
            

            
                
                    <a data-product-id="519286" class="orange_button btn_add2cart" title="Añadir al carrito" onclick="dataLayer.push({event: 'event_gtm',category:'acciones usuario', action:'a�adir producto desde listado'})" href="javascript:addToCartFromItemList('519286')">AÑADIR AL CARRITO &gt;</a>
                
            
            <span class="added_button">En carrito</span>

            
            
            <a class="white_button" title="Añadir a mi lista" href="javascript:addToListFromItemList('519286')" onclick="dataLayer.push({event: 'event_gtm',category:'acciones usuario', action:'a�adir producto a lista'});">Añadir a mi lista</a>
            
            
        </div>

        
            <a class="article_link" title="Ver ficha de MAYONESA HELLMANN'S 450 G" href="/MAYONESA-HELLMANN-S-450-G_519286_prd_es_ES.jsp" onclick="javascript:callingTaggingEnpoints('')" itemprop="url"></a>
        
        <div class="hover_container">
            <div class="hover">
                <div class="info_symbol"></div>
            </div>
        </div>

        

        
    </article>
            </li>
        
    <!--    <ul id="carousel_articles" class="articles_list" itemscope="" itemtype="http://schema.org/ItemList"> -->                    <li class="article" itemprop="itemListElement" itemscope="" itemtype="http://schema.org/Product">                    <article class="article_container" id="item_description_524048">            <a class="article_name" title="Ver ficha de TOMATE FRITO SOLÍS 140 G" href="/TOMATE-FRITO-SOLIS-140-G_524048_prd_es_ES.jsp" itemprop="url"><span itemprop="name" id="description_text">TOMATE FRITO SOLÍS 140 G</span></a>            <!--informacion de gluten y calorias -->        <div class="info_container">                            <span class="calories">70 <span>kcal</span></span>                <a class="info" title="Producto con 70 kilocalorías" href="javascript:void(0);">                    <span class="info_text">Producto con 70 kilocalorías.</span>                </a>                                                            <img class="info_icon" alt="10% Descuento para suscriptores Condisline Prime" src="//static.condisline.com/resize_39x39/images/product_icons/icon_subscription.png" width="39" height="39">                                            <a class="info" title="10% Descuento para suscriptores Condisline Prime" href="javascript:void(0);">                            <span class="info_text">10% Descuento para suscriptores Condisline Prime</span>                        </a>                                                        </div>        <img class="article_image" alt="TOMATE FRITO SOLÍS 140 G" data-original="//static.condisline.com/resize_190x200/images/catalog/large/524048.jpg" src="//static.condisline.com/resize_190x200/images/catalog/large/524048.jpg" width="190" height="200" style="display: block;">        <meta itemprop="image" content="//static.condisline.com/resize_190x200/images/catalog/large/524048.jpg">        <div class="article_price_container" itemprop="offers" itemscope="" itemtype="http://schema.org/Offer">            <!-- Price -->                                            <span class="article_price" itemprop="price"><span id="list_price_524048">0,82</span></span>                <span class="currency">€</span>                <script>                    formatNumber('0.82', 'list_price_524048');                </script>                        <meta itemprop="priceCurrency" content="EUR">            <div class="unit_container">                                    <a class="substract_button" title="Menos" href="javascript:void(0);">-</a>                                <label class="quantity_container">                                                                        <input class="input_quantity_product" id="item_quantity_524048" type="number" data-product="524048" value="" min="1" max="999" required="" autocomplete="off">                                                            </label>                                    <a class="add_button" title="Más" href="javascript:void(0);">+</a>                    <a class="added_tick" title="Cambiar unidades" href="javascript:void(0);"></a>                            </div>                                                <div class="article_pum">                        <span>      5,86€/Kilo</span>                    </div>                                                                            <a data-product-id="524048" class="orange_button btn_add2cart" title="Añadir al carrito" onclick="dataLayer.push({event: 'event_gtm',category:'acciones usuario', action:'a�adir producto desde listado'})" href="javascript:addToCartFromItemList('524048')">AÑADIR AL CARRITO &gt;</a>                                        <span class="added_button">En carrito</span>                                    <a class="white_button" title="Añadir a mi lista" href="javascript:addToListFromItemList('524048')" onclick="dataLayer.push({event: 'event_gtm',category:'acciones usuario', action:'a�adir producto a lista'});">Añadir a mi lista</a>                                </div>                    <a class="article_link" title="Ver ficha de TOMATE FRITO SOLÍS 140 G" href="/TOMATE-FRITO-SOLIS-140-G_524048_prd_es_ES.jsp" onclick="javascript:callingTaggingEnpoints('')" itemprop="url"></a>                <div class="hover_container">            <div class="hover">                <div class="info_symbol"></div>            </div>        </div>                    </article>            </li>                    <li class="article" itemprop="itemListElement" itemscope="" itemtype="http://schema.org/Product">                    <article class="article_container" id="item_description_519095">            <a class="article_name" title="Ver ficha de SALSA FINA LIGERESA ORIGINAL 210 ML" href="/SALSA-FINA-LIGERESA-ORIGINAL-210-ML_519095_prd_es_ES.jsp" itemprop="url"><span itemprop="name" id="description_text">SALSA FINA LIGERESA ORIGINAL 210 ML</span></a>            <!--informacion de gluten y calorias -->        <div class="info_container">                            <span class="calories">177 <span>kcal</span></span>                <a class="info" title="Producto con 177 kilocalorías" href="javascript:void(0);">                    <span class="info_text">Producto con 177 kilocalorías.</span>                </a>                                                            <img class="info_icon" alt="10% Descuento para suscriptores Condisline Prime" src="//static.condisline.com/resize_39x39/images/product_icons/icon_subscription.png" width="39" height="39">                                            <a class="info" title="10% Descuento para suscriptores Condisline Prime" href="javascript:void(0);">                            <span class="info_text">10% Descuento para suscriptores Condisline Prime</span>                        </a>                                                        </div>        <img class="article_image" alt="SALSA FINA LIGERESA ORIGINAL 210 ML" data-original="//static.condisline.com/resize_190x200/images/catalog/large/519095.jpg" src="//static.condisline.com/resize_190x200/images/catalog/large/519095.jpg" width="190" height="200" style="display: block;">        <meta itemprop="image" content="//static.condisline.com/resize_190x200/images/catalog/large/519095.jpg">        <div class="article_price_container" itemprop="offers" itemscope="" itemtype="http://schema.org/Offer">            <!-- Price -->                                            <span class="article_price" itemprop="price"><span id="list_price_519095">1,59</span></span>                <span class="currency">€</span>                <script>                    formatNumber('1.59', 'list_price_519095');                </script>                        <meta itemprop="priceCurrency" content="EUR">            <div class="unit_container">                                    <a class="substract_button" title="Menos" href="javascript:void(0);">-</a>                                <label class="quantity_container">                                                                        <input class="input_quantity_product" id="item_quantity_519095" type="number" data-product="519095" value="" min="1" max="999" required="" autocomplete="off">                                                            </label>                                    <a class="add_button" title="Más" href="javascript:void(0);">+</a>                    <a class="added_tick" title="Cambiar unidades" href="javascript:void(0);"></a>                            </div>                                                <div class="article_pum">                        <span>      7,57€/Kilo</span>                    </div>                                                                            <a data-product-id="519095" class="orange_button btn_add2cart" title="Añadir al carrito" onclick="dataLayer.push({event: 'event_gtm',category:'acciones usuario', action:'a�adir producto desde listado'})" href="javascript:addToCartFromItemList('519095')">AÑADIR AL CARRITO &gt;</a>                                        <span class="added_button">En carrito</span>                                    <a class="white_button" title="Añadir a mi lista" href="javascript:addToListFromItemList('519095')" onclick="dataLayer.push({event: 'event_gtm',category:'acciones usuario', action:'a�adir producto a lista'});">Añadir a mi lista</a>                                </div>                    <a class="article_link" title="Ver ficha de SALSA FINA LIGERESA ORIGINAL 210 ML" href="/SALSA-FINA-LIGERESA-ORIGINAL-210-ML_519095_prd_es_ES.jsp" onclick="javascript:callingTaggingEnpoints('')" itemprop="url"></a>                <div class="hover_container">            <div class="hover">                <div class="info_symbol"></div>            </div>        </div>                    </article>            </li>                    <li class="article" itemprop="itemListElement" itemscope="" itemtype="http://schema.org/Product">                    <article class="article_container" id="item_description_524050">            <a class="article_name" title="Ver ficha de TOMATE FRITO CASERO SOLÍS 350 G" href="/TOMATE-FRITO-CASERO-SOLIS-350-G_524050_prd_es_ES.jsp" itemprop="url"><span itemprop="name" id="description_text">TOMATE FRITO CASERO SOLÍS 350 G</span></a>            <!--informacion de gluten y calorias -->        <div class="info_container">                            <span class="calories">102 <span>kcal</span></span>                <a class="info" title="Producto con 102 kilocalorías" href="javascript:void(0);">                    <span class="info_text">Producto con 102 kilocalorías.</span>                </a>                                                            <img class="info_icon" alt="10% Descuento para suscriptores Condisline Prime" src="//static.condisline.com/resize_39x39/images/product_icons/icon_subscription.png" width="39" height="39">                                            <a class="info" title="10% Descuento para suscriptores Condisline Prime" href="javascript:void(0);">                            <span class="info_text">10% Descuento para suscriptores Condisline Prime</span>                        </a>                                                        <img class="info_icon" alt="Producto sin gluten" src="//static.condisline.com/resize_39x39/images/product_icons/no_gluten.png" width="39" height="39">                                            <a class="info" title="Producto sin gluten" href="javascript:void(0);">                            <span class="info_text">Producto sin gluten</span>                        </a>                                                        </div>        <img class="article_image" alt="TOMATE FRITO CASERO SOLÍS 350 G" data-original="//static.condisline.com/resize_190x200/images/catalog/large/524050.jpg" src="//static.condisline.com/resize_190x200/images/catalog/large/524050.jpg" width="190" height="200" style="display: block;">        <meta itemprop="image" content="//static.condisline.com/resize_190x200/images/catalog/large/524050.jpg">        <div class="article_price_container" itemprop="offers" itemscope="" itemtype="http://schema.org/Offer">            <!-- Price -->                                            <span class="article_price" itemprop="price"><span id="list_price_524050">1,85</span></span>                <span class="currency">€</span>                <script>                    formatNumber('1.85', 'list_price_524050');                </script>                        <meta itemprop="priceCurrency" content="EUR">            <div class="unit_container">                                    <a class="substract_button" title="Menos" href="javascript:void(0);">-</a>                                <label class="quantity_container">                                                                        <input class="input_quantity_product" id="item_quantity_524050" type="number" data-product="524050" value="" min="1" max="999" required="" autocomplete="off">                                                            </label>                                    <a class="add_button" title="Más" href="javascript:void(0);">+</a>                    <a class="added_tick" title="Cambiar unidades" href="javascript:void(0);"></a>                            </div>                                                <div class="article_pum">                        <span>      5,29€/Kilo</span>                    </div>                                                                            <a data-product-id="524050" class="orange_button btn_add2cart" title="Añadir al carrito" onclick="dataLayer.push({event: 'event_gtm',category:'acciones usuario', action:'a�adir producto desde listado'})" href="javascript:addToCartFromItemList('524050')">AÑADIR AL CARRITO &gt;</a>                                        <span class="added_button">En carrito</span>                                    <a class="white_button" title="Añadir a mi lista" href="javascript:addToListFromItemList('524050')" onclick="dataLayer.push({event: 'event_gtm',category:'acciones usuario', action:'a�adir producto a lista'});">Añadir a mi lista</a>                                </div>                    <a class="article_link" title="Ver ficha de TOMATE FRITO CASERO SOLÍS 350 G" href="/TOMATE-FRITO-CASERO-SOLIS-350-G_524050_prd_es_ES.jsp" onclick="javascript:callingTaggingEnpoints('')" itemprop="url"></a>                <div class="hover_container">            <div class="hover">                <div class="info_symbol"></div>            </div>        </div>                    </article>            </li>                    <li class="article" itemprop="itemListElement" itemscope="" itemtype="http://schema.org/Product">                    <article class="article_container" id="item_description_519285">            <a class="article_name" title="Ver ficha de MAYONESA HELLMANN'S 225 G" href="/MAYONESA-HELLMANN-S-225-G_519285_prd_es_ES.jsp" itemprop="url"><span itemprop="name" id="description_text">MAYONESA HELLMANN'S 225 G</span></a>            <!--informacion de gluten y calorias -->        <div class="info_container">                            <span class="calories">554 <span>kcal</span></span>                <a class="info" title="Producto con 554 kilocalorías" href="javascript:void(0);">                    <span class="info_text">Producto con 554 kilocalorías.</span>                </a>                                                            <img class="info_icon" alt="10% Descuento para suscriptores Condisline Prime" src="//static.condisline.com/resize_39x39/images/product_icons/icon_subscription.png" width="39" height="39">                                            <a class="info" title="10% Descuento para suscriptores Condisline Prime" href="javascript:void(0);">                            <span class="info_text">10% Descuento para suscriptores Condisline Prime</span>                        </a>                                                        </div>        <img class="article_image" alt="MAYONESA HELLMANN'S 225 G" data-original="//static.condisline.com/resize_190x200/images/catalog/large/519285.jpg" src="//static.condisline.com/resize_190x200/images/catalog/large/519285.jpg" width="190" height="200" style="display: block;">        <meta itemprop="image" content="//static.condisline.com/resize_190x200/images/catalog/large/519285.jpg">        <div class="article_price_container" itemprop="offers" itemscope="" itemtype="http://schema.org/Offer">            <!-- Price -->                                            <span class="article_price" itemprop="price"><span id="list_price_519285">1,95</span></span>                <span class="currency">€</span>                <script>                    formatNumber('1.95', 'list_price_519285');                </script>                        <meta itemprop="priceCurrency" content="EUR">            <div class="unit_container">                                    <a class="substract_button" title="Menos" href="javascript:void(0);">-</a>                                <label class="quantity_container">                                                                        <input class="input_quantity_product" id="item_quantity_519285" type="number" data-product="519285" value="" min="1" max="999" required="" autocomplete="off">                                                            </label>                                    <a class="add_button" title="Más" href="javascript:void(0);">+</a>                    <a class="added_tick" title="Cambiar unidades" href="javascript:void(0);"></a>                            </div>                                                <div class="article_pum">                        <span>      8,67€/Kilo</span>                    </div>                                                                            <a data-product-id="519285" class="orange_button btn_add2cart" title="Añadir al carrito" onclick="dataLayer.push({event: 'event_gtm',category:'acciones usuario', action:'a�adir producto desde listado'})" href="javascript:addToCartFromItemList('519285')">AÑADIR AL CARRITO &gt;</a>                                        <span class="added_button">En carrito</span>                                    <a class="white_button" title="Añadir a mi lista" href="javascript:addToListFromItemList('519285')" onclick="dataLayer.push({event: 'event_gtm',category:'acciones usuario', action:'a�adir producto a lista'});">Añadir a mi lista</a>                                </div>                    <a class="article_link" title="Ver ficha de MAYONESA HELLMANN'S 225 G" href="/MAYONESA-HELLMANN-S-225-G_519285_prd_es_ES.jsp" onclick="javascript:callingTaggingEnpoints('')" itemprop="url"></a>                <div class="hover_container">            <div class="hover">                <div class="info_symbol"></div>            </div>        </div>                    </article>            </li>                    <li class="article" itemprop="itemListElement" itemscope="" itemtype="http://schema.org/Product">                    <article class="article_container" id="item_description_112090">            <a class="article_name" title="Ver ficha de SAL COSTA YODO + FLÚOR 1 KG" href="/SAL-COSTA-YODO-FLUOR-1-KG_112090_prd_es_ES.jsp" itemprop="url"><span itemprop="name" id="description_text">SAL COSTA YODO + FLÚOR 1 KG</span></a>            <!--informacion de gluten y calorias -->        <div class="info_container">                                                            <img class="info_icon" alt="10% Descuento para suscriptores Condisline Prime" src="//static.condisline.com/resize_39x39/images/product_icons/icon_subscription.png" width="39" height="39">                                            <a class="info" title="10% Descuento para suscriptores Condisline Prime" href="javascript:void(0);">                            <span class="info_text">10% Descuento para suscriptores Condisline Prime</span>                        </a>                                                        </div>        <img class="article_image" alt="SAL COSTA YODO + FLÚOR 1 KG" data-original="//static.condisline.com/resize_190x200/images/catalog/large/112090.jpg" src="//static.condisline.com/resize_190x200/images/catalog/large/112090.jpg" width="190" height="200" style="display: block;">        <meta itemprop="image" content="//static.condisline.com/resize_190x200/images/catalog/large/112090.jpg">        <div class="article_price_container" itemprop="offers" itemscope="" itemtype="http://schema.org/Offer">            <!-- Price -->                                            <span class="article_price" itemprop="price"><span id="list_price_112090">0,85</span></span>                <span class="currency">€</span>                <script>                    formatNumber('0.85', 'list_price_112090');                </script>                        <meta itemprop="priceCurrency" content="EUR">            <div class="unit_container">                                    <a class="substract_button" title="Menos" href="javascript:void(0);">-</a>                                <label class="quantity_container">                                                                        <input class="input_quantity_product" id="item_quantity_112090" type="number" data-product="112090" value="" min="1" max="999" required="" autocomplete="off">                                                            </label>                                    <a class="add_button" title="Más" href="javascript:void(0);">+</a>                    <a class="added_tick" title="Cambiar unidades" href="javascript:void(0);"></a>                            </div>                                                <div class="article_pum">                        <span>      0,85€/Kilo</span>                    </div>                                                                            <a data-product-id="112090" class="orange_button btn_add2cart" title="Añadir al carrito" onclick="dataLayer.push({event: 'event_gtm',category:'acciones usuario', action:'a�adir producto desde listado'})" href="javascript:addToCartFromItemList('112090')">AÑADIR AL CARRITO &gt;</a>                                        <span class="added_button">En carrito</span>                                    <a class="white_button" title="Añadir a mi lista" href="javascript:addToListFromItemList('112090')" onclick="dataLayer.push({event: 'event_gtm',category:'acciones usuario', action:'a�adir producto a lista'});">Añadir a mi lista</a>                                </div>                    <a class="article_link" title="Ver ficha de SAL COSTA YODO + FLÚOR 1 KG" href="/SAL-COSTA-YODO-FLUOR-1-KG_112090_prd_es_ES.jsp" onclick="javascript:callingTaggingEnpoints('')" itemprop="url"></a>                <div class="hover_container">            <div class="hover">                <div class="info_symbol"></div>            </div>        </div>                    </article>            </li>                    <li class="article" itemprop="itemListElement" itemscope="" itemtype="http://schema.org/Product">                    <article class="article_container" id="item_description_519064">            <a class="article_name" title="Ver ficha de MAYONESA HELLMANN'S BOCABAJO 430 ML" href="/MAYONESA-HELLMANN-S-BOCABAJO-430-ML_519064_prd_es_ES.jsp" itemprop="url"><span itemprop="name" id="description_text">MAYONESA HELLMANN'S BOCABAJO 430 ML</span></a>            <!--informacion de gluten y calorias -->        <div class="info_container">                            <span class="calories">573 <span>kcal</span></span>                <a class="info" title="Producto con 573 kilocalorías" href="javascript:void(0);">                    <span class="info_text">Producto con 573 kilocalorías.</span>                </a>                                                            <img class="info_icon" alt="10% Descuento para suscriptores Condisline Prime" src="//static.condisline.com/resize_39x39/images/product_icons/icon_subscription.png" width="39" height="39">                                            <a class="info" title="10% Descuento para suscriptores Condisline Prime" href="javascript:void(0);">                            <span class="info_text">10% Descuento para suscriptores Condisline Prime</span>                        </a>                                                        </div>        <img class="article_image" alt="MAYONESA HELLMANN'S BOCABAJO 430 ML" data-original="//static.condisline.com/resize_190x200/images/catalog/large/519064.jpg" src="//static.condisline.com/resize_190x200/images/catalog/large/519064.jpg" width="190" height="200" style="display: block;">        <meta itemprop="image" content="//static.condisline.com/resize_190x200/images/catalog/large/519064.jpg">        <div class="article_price_container" itemprop="offers" itemscope="" itemtype="http://schema.org/Offer">            <!-- Price -->                                            <span class="article_price" itemprop="price"><span id="list_price_519064">3,49</span></span>                <span class="currency">€</span>                <script>                    formatNumber('3.49', 'list_price_519064');                </script>                        <meta itemprop="priceCurrency" content="EUR">            <div class="unit_container">                                    <a class="substract_button" title="Menos" href="javascript:void(0);">-</a>                                <label class="quantity_container">                                                                        <input class="input_quantity_product" id="item_quantity_519064" type="number" data-product="519064" value="" min="1" max="999" required="" autocomplete="off">                                                            </label>                                    <a class="add_button" title="Más" href="javascript:void(0);">+</a>                    <a class="added_tick" title="Cambiar unidades" href="javascript:void(0);"></a>                            </div>                                                <div class="article_pum">                        <span>      8,12€/Kilo</span>                    </div>                                                                            <a data-product-id="519064" class="orange_button btn_add2cart" title="Añadir al carrito" onclick="dataLayer.push({event: 'event_gtm',category:'acciones usuario', action:'a�adir producto desde listado'})" href="javascript:addToCartFromItemList('519064')">AÑADIR AL CARRITO &gt;</a>                                        <span class="added_button">En carrito</span>                                    <a class="white_button" title="Añadir a mi lista" href="javascript:addToListFromItemList('519064')" onclick="dataLayer.push({event: 'event_gtm',category:'acciones usuario', action:'a�adir producto a lista'});">Añadir a mi lista</a>                                </div>                    <a class="article_link" title="Ver ficha de MAYONESA HELLMANN'S BOCABAJO 430 ML" href="/MAYONESA-HELLMANN-S-BOCABAJO-430-ML_519064_prd_es_ES.jsp" onclick="javascript:callingTaggingEnpoints('')" itemprop="url"></a>                <div class="hover_container">            <div class="hover">                <div class="info_symbol"></div>            </div>        </div>                    </article>            </li>                    <li class="article" itemprop="itemListElement" itemscope="" itemtype="http://schema.org/Product">                    <article class="article_container" id="item_description_524086">            <a class="article_name" title="Ver ficha de TOMATE CONDIS FRITO VIDRIO 560 G" href="/TOMATE-CONDIS-FRITO-VIDRIO-560-G_524086_prd_es_ES.jsp" itemprop="url"><span itemprop="name" id="description_text">TOMATE CONDIS FRITO VIDRIO 560 G</span></a>            <!--informacion de gluten y calorias -->        <div class="info_container">                            <span class="calories">73 <span>kcal</span></span>                <a class="info" title="Producto con 73 kilocalorías" href="javascript:void(0);">                    <span class="info_text">Producto con 73 kilocalorías.</span>                </a>                                                            <img class="info_icon" alt="10% Descuento para suscriptores Condisline Prime" src="//static.condisline.com/resize_39x39/images/product_icons/icon_subscription.png" width="39" height="39">                                            <a class="info" title="10% Descuento para suscriptores Condisline Prime" href="javascript:void(0);">                            <span class="info_text">10% Descuento para suscriptores Condisline Prime</span>                        </a>                                                        <img class="info_icon" alt="Producto sin gluten" src="//static.condisline.com/resize_39x39/images/product_icons/no_gluten.png" width="39" height="39">                                            <a class="info" title="Producto sin gluten" href="javascript:void(0);">                            <span class="info_text">Producto sin gluten</span>                        </a>                                                        <img class="info_icon" alt="Marca propia" src="//static.condisline.com/resize_39x39/images/product_icons/marca_propia.png" width="39" height="39">                                            <a class="info" title="Marca propia" href="javascript:void(0);">                            <span class="info_text">Marca propia</span>                        </a>                                                        </div>        <img class="article_image" alt="TOMATE CONDIS FRITO VIDRIO 560 G" data-original="//static.condisline.com/resize_190x200/images/catalog/large/524086.jpg" src="//static.condisline.com/resize_190x200/images/catalog/large/524086.jpg" width="190" height="200" style="display: block;">        <meta itemprop="image" content="//static.condisline.com/resize_190x200/images/catalog/large/524086.jpg">        <div class="article_price_container" itemprop="offers" itemscope="" itemtype="http://schema.org/Offer">            <!-- Price -->                                            <span class="article_price" itemprop="price"><span id="list_price_524086">0,95</span></span>                <span class="currency">€</span>                <script>                    formatNumber('0.95', 'list_price_524086');                </script>                        <meta itemprop="priceCurrency" content="EUR">            <div class="unit_container">                                    <a class="substract_button" title="Menos" href="javascript:void(0);">-</a>                                <label class="quantity_container">                                                                        <input class="input_quantity_product" id="item_quantity_524086" type="number" data-product="524086" value="" min="1" max="999" required="" autocomplete="off">                                                            </label>                                    <a class="add_button" title="Más" href="javascript:void(0);">+</a>                    <a class="added_tick" title="Cambiar unidades" href="javascript:void(0);"></a>                            </div>                                                <div class="article_pum">                        <span>      1,70€/Kilo</span>                    </div>                                                                            <a data-product-id="524086" class="orange_button btn_add2cart" title="Añadir al carrito" onclick="dataLayer.push({event: 'event_gtm',category:'acciones usuario', action:'a�adir producto desde listado'})" href="javascript:addToCartFromItemList('524086')">AÑADIR AL CARRITO &gt;</a>                                        <span class="added_button">En carrito</span>                                    <a class="white_button" title="Añadir a mi lista" href="javascript:addToListFromItemList('524086')" onclick="dataLayer.push({event: 'event_gtm',category:'acciones usuario', action:'a�adir producto a lista'});">Añadir a mi lista</a>                                </div>                    <a class="article_link" title="Ver ficha de TOMATE CONDIS FRITO VIDRIO 560 G" href="/TOMATE-CONDIS-FRITO-VIDRIO-560-G_524086_prd_es_ES.jsp" onclick="javascript:callingTaggingEnpoints('')" itemprop="url"></a>                <div class="hover_container">            <div class="hover">                <div class="info_symbol"></div>            </div>        </div>                    </article>            </li>                    <li class="article" itemprop="itemListElement" itemscope="" itemtype="http://schema.org/Product">                    <article class="article_container" id="item_description_122019">            <a class="article_name" title="Ver ficha de SALSA BARILLA PESTO GENOVESE 190 G" href="/SALSA-BARILLA-PESTO-GENOVESE-190-G_122019_prd_es_ES.jsp" itemprop="url"><span itemprop="name" id="description_text">SALSA BARILLA PESTO GENOVESE 190 G</span></a>            <!--informacion de gluten y calorias -->        <div class="info_container">                                                            <img class="info_icon" alt="10% Descuento para suscriptores Condisline Prime" src="//static.condisline.com/resize_39x39/images/product_icons/icon_subscription.png" width="39" height="39">                                            <a class="info" title="10% Descuento para suscriptores Condisline Prime" href="javascript:void(0);">                            <span class="info_text">10% Descuento para suscriptores Condisline Prime</span>                        </a>                                                        </div>        <img class="article_image" alt="SALSA BARILLA PESTO GENOVESE 190 G" data-original="//static.condisline.com/resize_190x200/images/catalog/large/122019.jpg" src="//static.condisline.com/resize_190x200/images/catalog/large/122019.jpg" width="190" height="200" style="display: block;">        <meta itemprop="image" content="//static.condisline.com/resize_190x200/images/catalog/large/122019.jpg">        <div class="article_price_container" itemprop="offers" itemscope="" itemtype="http://schema.org/Offer">            <!-- Price -->                                            <span class="article_price" itemprop="price"><span id="list_price_122019">2,99</span></span>                <span class="currency">€</span>                <script>                    formatNumber('2.99', 'list_price_122019');                </script>                        <meta itemprop="priceCurrency" content="EUR">            <div class="unit_container">                                    <a class="substract_button" title="Menos" href="javascript:void(0);">-</a>                                <label class="quantity_container">                                                                        <input class="input_quantity_product" id="item_quantity_122019" type="number" data-product="122019" value="" min="1" max="999" required="" autocomplete="off">                                                            </label>                                    <a class="add_button" title="Más" href="javascript:void(0);">+</a>                    <a class="added_tick" title="Cambiar unidades" href="javascript:void(0);"></a>                            </div>                                                <div class="article_pum">                        <span>     15,74€/Kilo</span>                    </div>                                                                            <a data-product-id="122019" class="orange_button btn_add2cart" title="Añadir al carrito" onclick="dataLayer.push({event: 'event_gtm',category:'acciones usuario', action:'a�adir producto desde listado'})" href="javascript:addToCartFromItemList('122019')">AÑADIR AL CARRITO &gt;</a>                                        <span class="added_button">En carrito</span>                                    <a class="white_button" title="Añadir a mi lista" href="javascript:addToListFromItemList('122019')" onclick="dataLayer.push({event: 'event_gtm',category:'acciones usuario', action:'a�adir producto a lista'});">Añadir a mi lista</a>                                </div>                    <a class="article_link" title="Ver ficha de SALSA BARILLA PESTO GENOVESE 190 G" href="/SALSA-BARILLA-PESTO-GENOVESE-190-G_122019_prd_es_ES.jsp" onclick="javascript:callingTaggingEnpoints('')" itemprop="url"></a>                <div class="hover_container">            <div class="hover">                <div class="info_symbol"></div>            </div>        </div>                    </article>            </li>                    <li class="article" itemprop="itemListElement" itemscope="" itemtype="http://schema.org/Product">                    <article class="article_container" id="item_description_732123">            <a class="article_name" title="Ver ficha de KÉTCHUP HEINZ TOMATO 700 G" href="/KETCHUP-HEINZ-TOMATO-700-G_732123_prd_es_ES.jsp" itemprop="url"><span itemprop="name" id="description_text">KÉTCHUP HEINZ TOMATO 700 G</span></a>            <!--informacion de gluten y calorias -->        <div class="info_container">                                                            <img class="info_icon" alt="10% Descuento para suscriptores Condisline Prime" src="//static.condisline.com/resize_39x39/images/product_icons/icon_subscription.png" width="39" height="39">                                            <a class="info" title="10% Descuento para suscriptores Condisline Prime" href="javascript:void(0);">                            <span class="info_text">10% Descuento para suscriptores Condisline Prime</span>                        </a>                                                        </div>        <img class="article_image" alt="KÉTCHUP HEINZ TOMATO 700 G" data-original="//static.condisline.com/resize_190x200/images/catalog/large/732123.jpg" src="//static.condisline.com/resize_190x200/images/catalog/large/732123.jpg" width="190" height="200" style="display: block;">        <meta itemprop="image" content="//static.condisline.com/resize_190x200/images/catalog/large/732123.jpg">        <div class="article_price_container" itemprop="offers" itemscope="" itemtype="http://schema.org/Offer">            <!-- Price -->                                            <span class="article_price" itemprop="price"><span id="list_price_732123">3,75</span></span>                <span class="currency">€</span>                <script>                    formatNumber('3.75', 'list_price_732123');                </script>                        <meta itemprop="priceCurrency" content="EUR">            <div class="unit_container">                                    <a class="substract_button" title="Menos" href="javascript:void(0);">-</a>                                <label class="quantity_container">                                                                        <input class="input_quantity_product" id="item_quantity_732123" type="number" data-product="732123" value="" min="1" max="999" required="" autocomplete="off">                                                            </label>                                    <a class="add_button" title="Más" href="javascript:void(0);">+</a>                    <a class="added_tick" title="Cambiar unidades" href="javascript:void(0);"></a>                            </div>                                                <div class="article_pum">                        <span>      5,36€/Kilo</span>                    </div>                                                                            <a data-product-id="732123" class="orange_button btn_add2cart" title="Añadir al carrito" onclick="dataLayer.push({event: 'event_gtm',category:'acciones usuario', action:'a�adir producto desde listado'})" href="javascript:addToCartFromItemList('732123')">AÑADIR AL CARRITO &gt;</a>                                        <span class="added_button">En carrito</span>                                    <a class="white_button" title="Añadir a mi lista" href="javascript:addToListFromItemList('732123')" onclick="dataLayer.push({event: 'event_gtm',category:'acciones usuario', action:'a�adir producto a lista'});">Añadir a mi lista</a>                                </div>                    <a class="article_link" title="Ver ficha de KÉTCHUP HEINZ TOMATO 700 G" href="/KETCHUP-HEINZ-TOMATO-700-G_732123_prd_es_ES.jsp" onclick="javascript:callingTaggingEnpoints('')" itemprop="url"></a>                <div class="hover_container">            <div class="hover">                <div class="info_symbol"></div>            </div>        </div>                    </article>            </li>                    <li class="article" itemprop="itemListElement" itemscope="" itemtype="http://schema.org/Product">                    <article class="article_container" id="item_description_524102">            <a class="article_name" title="Ver ficha de TOMATE FRITO SOLIS CASERO 3 UNIDADES X 100 G" href="/TOMATE-FRITO-SOLIS-CASERO-3-UNIDADES-X-100-G_524102_prd_es_ES.jsp" itemprop="url"><span itemprop="name" id="description_text">TOMATE FRITO SOLIS CASERO 3 UNIDADES X 100 G</span></a>            <!--informacion de gluten y calorias -->        <div class="info_container">                            <span class="calories">102 <span>kcal</span></span>                <a class="info" title="Producto con 102 kilocalorías" href="javascript:void(0);">                    <span class="info_text">Producto con 102 kilocalorías.</span>                </a>                                                            <img class="info_icon" alt="10% Descuento para suscriptores Condisline Prime" src="//static.condisline.com/resize_39x39/images/product_icons/icon_subscription.png" width="39" height="39">                                            <a class="info" title="10% Descuento para suscriptores Condisline Prime" href="javascript:void(0);">                            <span class="info_text">10% Descuento para suscriptores Condisline Prime</span>                        </a>                                                        </div>        <img class="article_image" alt="TOMATE FRITO SOLIS CASERO 3 UNIDADES X 100 G" data-original="//static.condisline.com/resize_190x200/images/catalog/large/524102.jpg" src="//static.condisline.com/resize_190x200/images/catalog/large/524102.jpg" width="190" height="200" style="display: block;">        <meta itemprop="image" content="//static.condisline.com/resize_190x200/images/catalog/large/524102.jpg">        <div class="article_price_container" itemprop="offers" itemscope="" itemtype="http://schema.org/Offer">            <!-- Price -->                                            <span class="article_price" itemprop="price"><span id="list_price_524102">2,15</span></span>                <span class="currency">€</span>                <script>                    formatNumber('2.15', 'list_price_524102');                </script>                        <meta itemprop="priceCurrency" content="EUR">            <div class="unit_container">                                    <a class="substract_button" title="Menos" href="javascript:void(0);">-</a>                                <label class="quantity_container">                                                                        <input class="input_quantity_product" id="item_quantity_524102" type="number" data-product="524102" value="" min="1" max="999" required="" autocomplete="off">                                                            </label>                                    <a class="add_button" title="Más" href="javascript:void(0);">+</a>                    <a class="added_tick" title="Cambiar unidades" href="javascript:void(0);"></a>                            </div>                                                <div class="article_pum">                        <span>      7,17€/Kilo</span>                    </div>                                                                            <a data-product-id="524102" class="orange_button btn_add2cart" title="Añadir al carrito" onclick="dataLayer.push({event: 'event_gtm',category:'acciones usuario', action:'a�adir producto desde listado'})" href="javascript:addToCartFromItemList('524102')">AÑADIR AL CARRITO &gt;</a>                                        <span class="added_button">En carrito</span>                                    <a class="white_button" title="Añadir a mi lista" href="javascript:addToListFromItemList('524102')" onclick="dataLayer.push({event: 'event_gtm',category:'acciones usuario', action:'a�adir producto a lista'});">Añadir a mi lista</a>                                </div>                    <a class="article_link" title="Ver ficha de TOMATE FRITO SOLIS CASERO 3 UNIDADES X 100 G" href="/TOMATE-FRITO-SOLIS-CASERO-3-UNIDADES-X-100-G_524102_prd_es_ES.jsp" onclick="javascript:callingTaggingEnpoints('')" itemprop="url"></a>                <div class="hover_container">            <div class="hover">                <div class="info_symbol"></div>            </div>        </div>                    </article>            </li>                    <li class="article" itemprop="itemListElement" itemscope="" itemtype="http://schema.org/Product">                    <article class="article_container" id="item_description_110123">            <a class="article_name" title="Ver ficha de SOFRITO GALLINA BLANCA TOMATE Y VERDURAS 350 G" href="/SOFRITO-GALLINA-BLANCA-TOMATE-Y-VERDURAS-350-G_110123_prd_es_ES.jsp" itemprop="url"><span itemprop="name" id="description_text">SOFRITO GALLINA BLANCA TOMATE Y VERDURAS 350 G</span></a>            <!--informacion de gluten y calorias -->        <div class="info_container">                            <span class="calories">79 <span>kcal</span></span>                <a class="info" title="Producto con 79 kilocalorías" href="javascript:void(0);">                    <span class="info_text">Producto con 79 kilocalorías.</span>                </a>                                                            <img class="info_icon" alt="10% Descuento para suscriptores Condisline Prime" src="//static.condisline.com/resize_39x39/images/product_icons/icon_subscription.png" width="39" height="39">                                            <a class="info" title="10% Descuento para suscriptores Condisline Prime" href="javascript:void(0);">                            <span class="info_text">10% Descuento para suscriptores Condisline Prime</span>                        </a>                                                        </div>        <img class="article_image" alt="SOFRITO GALLINA BLANCA TOMATE Y VERDURAS 350 G" data-original="//static.condisline.com/resize_190x200/images/catalog/large/110123.jpg" src="//static.condisline.com/resize_190x200/images/catalog/large/110123.jpg" width="190" height="200" style="display: block;">        <meta itemprop="image" content="//static.condisline.com/resize_190x200/images/catalog/large/110123.jpg">        <div class="article_price_container" itemprop="offers" itemscope="" itemtype="http://schema.org/Offer">            <!-- Price -->                                            <span class="article_price" itemprop="price"><span id="list_price_110123">2,25</span></span>                <span class="currency">€</span>                <script>                    formatNumber('2.25', 'list_price_110123');                </script>                        <meta itemprop="priceCurrency" content="EUR">            <div class="unit_container">                                    <a class="substract_button" title="Menos" href="javascript:void(0);">-</a>                                <label class="quantity_container">                                                                        <input class="input_quantity_product" id="item_quantity_110123" type="number" data-product="110123" value="" min="1" max="999" required="" autocomplete="off">                                                            </label>                                    <a class="add_button" title="Más" href="javascript:void(0);">+</a>                    <a class="added_tick" title="Cambiar unidades" href="javascript:void(0);"></a>                            </div>                                                <div class="article_pum">                        <span>      6,43€/Kilo</span>                    </div>                                                                            <a data-product-id="110123" class="orange_button btn_add2cart" title="Añadir al carrito" onclick="dataLayer.push({event: 'event_gtm',category:'acciones usuario', action:'a�adir producto desde listado'})" href="javascript:addToCartFromItemList('110123')">AÑADIR AL CARRITO &gt;</a>                                        <span class="added_button">En carrito</span>                                    <a class="white_button" title="Añadir a mi lista" href="javascript:addToListFromItemList('110123')" onclick="dataLayer.push({event: 'event_gtm',category:'acciones usuario', action:'a�adir producto a lista'});">Añadir a mi lista</a>                                </div>                    <a class="article_link" title="Ver ficha de SOFRITO GALLINA BLANCA TOMATE Y VERDURAS 350 G" href="/SOFRITO-GALLINA-BLANCA-TOMATE-Y-VERDURAS-350-G_110123_prd_es_ES.jsp" onclick="javascript:callingTaggingEnpoints('')" itemprop="url"></a>                <div class="hover_container">            <div class="hover">                <div class="info_symbol"></div>            </div>        </div>                    </article>            </li>                    <li class="article" itemprop="itemListElement" itemscope="" itemtype="http://schema.org/Product">                    <article class="article_container" id="item_description_720605">            <a class="article_name" title="Ver ficha de TOMATE FRITO ORLANDO 780 G" href="/TOMATE-FRITO-ORLANDO-780-G_720605_prd_es_ES.jsp" itemprop="url"><span itemprop="name" id="description_text">TOMATE FRITO ORLANDO 780 G</span></a>            <!--informacion de gluten y calorias -->        <div class="info_container">                            <span class="calories">73 <span>kcal</span></span>                <a class="info" title="Producto con 73 kilocalorías" href="javascript:void(0);">                    <span class="info_text">Producto con 73 kilocalorías.</span>                </a>                                                            <img class="info_icon" alt="10% Descuento para suscriptores Condisline Prime" src="//static.condisline.com/resize_39x39/images/product_icons/icon_subscription.png" width="39" height="39">                                            <a class="info" title="10% Descuento para suscriptores Condisline Prime" href="javascript:void(0);">                            <span class="info_text">10% Descuento para suscriptores Condisline Prime</span>                        </a>                                                        <img class="info_icon" alt="Producto sin gluten" src="//static.condisline.com/resize_39x39/images/product_icons/no_gluten.png" width="39" height="39">                                            <a class="info" title="Producto sin gluten" href="javascript:void(0);">                            <span class="info_text">Producto sin gluten</span>                        </a>                                                        </div>        <img class="article_image" alt="TOMATE FRITO ORLANDO 780 G" data-original="//static.condisline.com/resize_190x200/images/catalog/large/720605.jpg" src="//static.condisline.com/resize_190x200/images/catalog/large/720605.jpg" width="190" height="200" style="display: block;">        <meta itemprop="image" content="//static.condisline.com/resize_190x200/images/catalog/large/720605.jpg">        <div class="article_price_container" itemprop="offers" itemscope="" itemtype="http://schema.org/Offer">            <!-- Price -->                                            <span class="article_price" itemprop="price"><span id="list_price_720605">1,95</span></span>                <span class="currency">€</span>                <script>                    formatNumber('1.95', 'list_price_720605');                </script>                        <meta itemprop="priceCurrency" content="EUR">            <div class="unit_container">                                    <a class="substract_button" title="Menos" href="javascript:void(0);">-</a>                                <label class="quantity_container">                                                                        <input class="input_quantity_product" id="item_quantity_720605" type="number" data-product="720605" value="" min="1" max="999" required="" autocomplete="off">                                                            </label>                                    <a class="add_button" title="Más" href="javascript:void(0);">+</a>                    <a class="added_tick" title="Cambiar unidades" href="javascript:void(0);"></a>                            </div>                                                <div class="article_pum">                        <span>      2,50€/Kilo</span>                    </div>                                                                            <a data-product-id="720605" class="orange_button btn_add2cart" title="Añadir al carrito" onclick="dataLayer.push({event: 'event_gtm',category:'acciones usuario', action:'a�adir producto desde listado'})" href="javascript:addToCartFromItemList('720605')">AÑADIR AL CARRITO &gt;</a>                                        <span class="added_button">En carrito</span>                                    <a class="white_button" title="Añadir a mi lista" href="javascript:addToListFromItemList('720605')" onclick="dataLayer.push({event: 'event_gtm',category:'acciones usuario', action:'a�adir producto a lista'});">Añadir a mi lista</a>                                </div>                    <a class="article_link" title="Ver ficha de TOMATE FRITO ORLANDO 780 G" href="/TOMATE-FRITO-ORLANDO-780-G_720605_prd_es_ES.jsp" onclick="javascript:callingTaggingEnpoints('')" itemprop="url"></a>                <div class="hover_container">            <div class="hover">                <div class="info_symbol"></div>            </div>        </div>                    </article>            </li>                    <li class="article" itemprop="itemListElement" itemscope="" itemtype="http://schema.org/Product">                    <article class="article_container" id="item_description_519096">            <a class="article_name" title="Ver ficha de SALSA FINA LIGERESA ORIGINAL TARRO 425 ML" href="/SALSA-FINA-LIGERESA-ORIGINAL-TARRO-425-ML_519096_prd_es_ES.jsp" itemprop="url"><span itemprop="name" id="description_text">SALSA FINA LIGERESA ORIGINAL TARRO 425 ML</span></a>            <!--informacion de gluten y calorias -->        <div class="info_container">                            <span class="calories">173 <span>kcal</span></span>                <a class="info" title="Producto con 173 kilocalorías" href="javascript:void(0);">                    <span class="info_text">Producto con 173 kilocalorías.</span>                </a>                                                            <img class="info_icon" alt="10% Descuento para suscriptores Condisline Prime" src="//static.condisline.com/resize_39x39/images/product_icons/icon_subscription.png" width="39" height="39">                                            <a class="info" title="10% Descuento para suscriptores Condisline Prime" href="javascript:void(0);">                            <span class="info_text">10% Descuento para suscriptores Condisline Prime</span>                        </a>                                                        </div>        <img class="article_image" alt="SALSA FINA LIGERESA ORIGINAL TARRO 425 ML" data-original="//static.condisline.com/resize_190x200/images/catalog/large/519096.jpg" src="//static.condisline.com/resize_190x200/images/catalog/large/519096.jpg" width="190" height="200" style="display: block;">        <meta itemprop="image" content="//static.condisline.com/resize_190x200/images/catalog/large/519096.jpg">        <div class="article_price_container" itemprop="offers" itemscope="" itemtype="http://schema.org/Offer">            <!-- Price -->                                            <span class="article_price" itemprop="price"><span id="list_price_519096">2,35</span></span>                <span class="currency">€</span>                <script>                    formatNumber('2.35', 'list_price_519096');                </script>                        <meta itemprop="priceCurrency" content="EUR">            <div class="unit_container">                                    <a class="substract_button" title="Menos" href="javascript:void(0);">-</a>                                <label class="quantity_container">                                                                        <input class="input_quantity_product" id="item_quantity_519096" type="number" data-product="519096" value="" min="1" max="999" required="" autocomplete="off">                                                            </label>                                    <a class="add_button" title="Más" href="javascript:void(0);">+</a>                    <a class="added_tick" title="Cambiar unidades" href="javascript:void(0);"></a>                            </div>                                                <div class="article_pum">                        <span>      5,53€/Kilo</span>                    </div>                                                                            <a data-product-id="519096" class="orange_button btn_add2cart" title="Añadir al carrito" onclick="dataLayer.push({event: 'event_gtm',category:'acciones usuario', action:'a�adir producto desde listado'})" href="javascript:addToCartFromItemList('519096')">AÑADIR AL CARRITO &gt;</a>                                        <span class="added_button">En carrito</span>                                    <a class="white_button" title="Añadir a mi lista" href="javascript:addToListFromItemList('519096')" onclick="dataLayer.push({event: 'event_gtm',category:'acciones usuario', action:'a�adir producto a lista'});">Añadir a mi lista</a>                                </div>                    <a class="article_link" title="Ver ficha de SALSA FINA LIGERESA ORIGINAL TARRO 425 ML" href="/SALSA-FINA-LIGERESA-ORIGINAL-TARRO-425-ML_519096_prd_es_ES.jsp" onclick="javascript:callingTaggingEnpoints('')" itemprop="url"></a>                <div class="hover_container">            <div class="hover">                <div class="info_symbol"></div>            </div>        </div>                    </article>            </li>                    <li class="article" itemprop="itemListElement" itemscope="" itemtype="http://schema.org/Product">                    <article class="article_container" id="item_description_524100">            <a class="article_name" title="Ver ficha de TOMATE SOLIS FRASCO ACEITE OLIVA 360 G" href="/TOMATE-SOLIS-FRASCO-ACEITE-OLIVA-360-G_524100_prd_es_ES.jsp" itemprop="url"><span itemprop="name" id="description_text">TOMATE SOLIS FRASCO ACEITE OLIVA 360 G</span></a>            <!--informacion de gluten y calorias -->        <div class="info_container">                            <span class="calories">70 <span>kcal</span></span>                <a class="info" title="Producto con 70 kilocalorías" href="javascript:void(0);">                    <span class="info_text">Producto con 70 kilocalorías.</span>                </a>                                                            <img class="info_icon" alt="10% Descuento para suscriptores Condisline Prime" src="//static.condisline.com/resize_39x39/images/product_icons/icon_subscription.png" width="39" height="39">                                            <a class="info" title="10% Descuento para suscriptores Condisline Prime" href="javascript:void(0);">                            <span class="info_text">10% Descuento para suscriptores Condisline Prime</span>                        </a>                                                        </div>        <img class="article_image" alt="TOMATE SOLIS FRASCO ACEITE OLIVA 360 G" data-original="//static.condisline.com/resize_190x200/images/catalog/large/524100.jpg" src="//static.condisline.com/resize_190x200/images/catalog/large/524100.jpg" width="190" height="200" style="display: block;">        <meta itemprop="image" content="//static.condisline.com/resize_190x200/images/catalog/large/524100.jpg">        <div class="article_price_container" itemprop="offers" itemscope="" itemtype="http://schema.org/Offer">            <!-- Price -->                                            <span class="article_price" itemprop="price"><span id="list_price_524100">1,69</span></span>                <span class="currency">€</span>                <script>                    formatNumber('1.69', 'list_price_524100');                </script>                        <meta itemprop="priceCurrency" content="EUR">            <div class="unit_container">                                    <a class="substract_button" title="Menos" href="javascript:void(0);">-</a>                                <label class="quantity_container">                                                                        <input class="input_quantity_product" id="item_quantity_524100" type="number" data-product="524100" value="" min="1" max="999" required="" autocomplete="off">                                                            </label>                                    <a class="add_button" title="Más" href="javascript:void(0);">+</a>                    <a class="added_tick" title="Cambiar unidades" href="javascript:void(0);"></a>                            </div>                                                <div class="article_pum">                        <span>      4,69€/Kilo</span>                    </div>                                                                            <a data-product-id="524100" class="orange_button btn_add2cart" title="Añadir al carrito" onclick="dataLayer.push({event: 'event_gtm',category:'acciones usuario', action:'a�adir producto desde listado'})" href="javascript:addToCartFromItemList('524100')">AÑADIR AL CARRITO &gt;</a>                                        <span class="added_button">En carrito</span>                                    <a class="white_button" title="Añadir a mi lista" href="javascript:addToListFromItemList('524100')" onclick="dataLayer.push({event: 'event_gtm',category:'acciones usuario', action:'a�adir producto a lista'});">Añadir a mi lista</a>                                </div>                    <a class="article_link" title="Ver ficha de TOMATE SOLIS FRASCO ACEITE OLIVA 360 G" href="/TOMATE-SOLIS-FRASCO-ACEITE-OLIVA-360-G_524100_prd_es_ES.jsp" onclick="javascript:callingTaggingEnpoints('')" itemprop="url"></a>                <div class="hover_container">            <div class="hover">                <div class="info_symbol"></div>            </div>        </div>                    </article>            </li>                    <li class="article" itemprop="itemListElement" itemscope="" itemtype="http://schema.org/Product">                    <article class="article_container" id="item_description_124162">            <a class="article_name" title="Ver ficha de PIMIENTA CONDIS NEGRA MOLIDA 45 G" href="/PIMIENTA-CONDIS-NEGRA-MOLIDA-45-G_124162_prd_es_ES.jsp" itemprop="url"><span itemprop="name" id="description_text">PIMIENTA CONDIS NEGRA MOLIDA 45 G</span></a>            <!--informacion de gluten y calorias -->        <div class="info_container">                                                            <img class="info_icon" alt="10% Descuento para suscriptores Condisline Prime" src="//static.condisline.com/resize_39x39/images/product_icons/icon_subscription.png" width="39" height="39">                                            <a class="info" title="10% Descuento para suscriptores Condisline Prime" href="javascript:void(0);">                            <span class="info_text">10% Descuento para suscriptores Condisline Prime</span>                        </a>                                                        <img class="info_icon" alt="Marca propia" src="//static.condisline.com/resize_39x39/images/product_icons/marca_propia.png" width="39" height="39">                                            <a class="info" title="Marca propia" href="javascript:void(0);">                            <span class="info_text">Marca propia</span>                        </a>                                                        </div>        <img class="article_image" alt="PIMIENTA CONDIS NEGRA MOLIDA 45 G" data-original="//static.condisline.com/resize_190x200/images/catalog/large/124162.jpg" src="//static.condisline.com/resize_190x200/images/catalog/large/124162.jpg" width="190" height="200" style="display: block;">        <meta itemprop="image" content="//static.condisline.com/resize_190x200/images/catalog/large/124162.jpg">        <div class="article_price_container" itemprop="offers" itemscope="" itemtype="http://schema.org/Offer">            <!-- Price -->                                            <span class="article_price" itemprop="price"><span id="list_price_124162">1,05</span></span>                <span class="currency">€</span>                <script>                    formatNumber('1.05', 'list_price_124162');                </script>                        <meta itemprop="priceCurrency" content="EUR">            <div class="unit_container">                                    <a class="substract_button" title="Menos" href="javascript:void(0);">-</a>                                <label class="quantity_container">                                                                        <input class="input_quantity_product" id="item_quantity_124162" type="number" data-product="124162" value="" min="1" max="999" required="" autocomplete="off">                                                            </label>                                    <a class="add_button" title="Más" href="javascript:void(0);">+</a>                    <a class="added_tick" title="Cambiar unidades" href="javascript:void(0);"></a>                            </div>                                                <div class="article_pum">                        <span>     23,33€/Kilo</span>                    </div>                                                                            <a data-product-id="124162" class="orange_button btn_add2cart" title="Añadir al carrito" onclick="dataLayer.push({event: 'event_gtm',category:'acciones usuario', action:'a�adir producto desde listado'})" href="javascript:addToCartFromItemList('124162')">AÑADIR AL CARRITO &gt;</a>                                        <span class="added_button">En carrito</span>                                    <a class="white_button" title="Añadir a mi lista" href="javascript:addToListFromItemList('124162')" onclick="dataLayer.push({event: 'event_gtm',category:'acciones usuario', action:'a�adir producto a lista'});">Añadir a mi lista</a>                                </div>                    <a class="article_link" title="Ver ficha de PIMIENTA CONDIS NEGRA MOLIDA 45 G" href="/PIMIENTA-CONDIS-NEGRA-MOLIDA-45-G_124162_prd_es_ES.jsp" onclick="javascript:callingTaggingEnpoints('')" itemprop="url"></a>                <div class="hover_container">            <div class="hover">                <div class="info_symbol"></div>            </div>        </div>                    </article>            </li>                    <li class="article" itemprop="itemListElement" itemscope="" itemtype="http://schema.org/Product">                    <article class="article_container" id="item_description_124152">            <a class="article_name" title="Ver ficha de LAUREL HOJA DANI BOLSA 10 G" href="/LAUREL-HOJA-DANI-BOLSA-10-G_124152_prd_es_ES.jsp" itemprop="url"><span itemprop="name" id="description_text">LAUREL HOJA DANI BOLSA 10 G</span></a>            <!--informacion de gluten y calorias -->        <div class="info_container">                                                            <img class="info_icon" alt="10% Descuento para suscriptores Condisline Prime" src="//static.condisline.com/resize_39x39/images/product_icons/icon_subscription.png" width="39" height="39">                                            <a class="info" title="10% Descuento para suscriptores Condisline Prime" href="javascript:void(0);">                            <span class="info_text">10% Descuento para suscriptores Condisline Prime</span>                        </a>                                                        </div>        <img class="article_image" alt="LAUREL HOJA DANI BOLSA 10 G" data-original="//static.condisline.com/resize_190x200/images/catalog/large/124152.jpg" src="//static.condisline.com/resize_190x200/images/catalog/large/124152.jpg" width="190" height="200" style="display: block;">        <meta itemprop="image" content="//static.condisline.com/resize_190x200/images/catalog/large/124152.jpg">        <div class="article_price_container" itemprop="offers" itemscope="" itemtype="http://schema.org/Offer">            <!-- Price -->                                            <span class="article_price" itemprop="price"><span id="list_price_124152">0,95</span></span>                <span class="currency">€</span>                <script>                    formatNumber('0.95', 'list_price_124152');                </script>                        <meta itemprop="priceCurrency" content="EUR">            <div class="unit_container">                                    <a class="substract_button" title="Menos" href="javascript:void(0);">-</a>                                <label class="quantity_container">                                                                        <input class="input_quantity_product" id="item_quantity_124152" type="number" data-product="124152" value="" min="1" max="999" required="" autocomplete="off">                                                            </label>                                    <a class="add_button" title="Más" href="javascript:void(0);">+</a>                    <a class="added_tick" title="Cambiar unidades" href="javascript:void(0);"></a>                            </div>                                                <div class="article_pum">                        <span>&nbsp;</span>                    </div>                                                                            <a data-product-id="124152" class="orange_button btn_add2cart" title="Añadir al carrito" onclick="dataLayer.push({event: 'event_gtm',category:'acciones usuario', action:'a�adir producto desde listado'})" href="javascript:addToCartFromItemList('124152')">AÑADIR AL CARRITO &gt;</a>                                        <span class="added_button">En carrito</span>                                    <a class="white_button" title="Añadir a mi lista" href="javascript:addToListFromItemList('124152')" onclick="dataLayer.push({event: 'event_gtm',category:'acciones usuario', action:'a�adir producto a lista'});">Añadir a mi lista</a>                                </div>                    <a class="article_link" title="Ver ficha de LAUREL HOJA DANI BOLSA 10 G" href="/LAUREL-HOJA-DANI-BOLSA-10-G_124152_prd_es_ES.jsp" onclick="javascript:callingTaggingEnpoints('')" itemprop="url"></a>                <div class="hover_container">            <div class="hover">                <div class="info_symbol"></div>            </div>        </div>                    </article>            </li>                    <li class="article" itemprop="itemListElement" itemscope="" itemtype="http://schema.org/Product">                    <article class="article_container" id="item_description_112019">            <a class="article_name" title="Ver ficha de BICARBONATO SAL COSTA USO DOMESTICO 200 G" href="/BICARBONATO-SAL-COSTA-USO-DOMESTICO-200-G_112019_prd_es_ES.jsp" itemprop="url"><span itemprop="name" id="description_text">BICARBONATO SAL COSTA USO DOMESTICO 200 G</span></a>            <!--informacion de gluten y calorias -->        <div class="info_container">                                                            <img class="info_icon" alt="10% Descuento para suscriptores Condisline Prime" src="//static.condisline.com/resize_39x39/images/product_icons/icon_subscription.png" width="39" height="39">                                            <a class="info" title="10% Descuento para suscriptores Condisline Prime" href="javascript:void(0);">                            <span class="info_text">10% Descuento para suscriptores Condisline Prime</span>                        </a>                                                        </div>        <img class="article_image" alt="BICARBONATO SAL COSTA USO DOMESTICO 200 G" data-original="//static.condisline.com/resize_190x200/images/catalog/large/112019.jpg" src="//static.condisline.com/resize_190x200/images/catalog/large/112019.jpg" width="190" height="200" style="display: block;">        <meta itemprop="image" content="//static.condisline.com/resize_190x200/images/catalog/large/112019.jpg">        <div class="article_price_container" itemprop="offers" itemscope="" itemtype="http://schema.org/Offer">            <!-- Price -->                                            <span class="article_price" itemprop="price"><span id="list_price_112019">1,07</span></span>                <span class="currency">€</span>                <script>                    formatNumber('1.07', 'list_price_112019');                </script>                        <meta itemprop="priceCurrency" content="EUR">            <div class="unit_container">                                    <a class="substract_button" title="Menos" href="javascript:void(0);">-</a>                                <label class="quantity_container">                                                                        <input class="input_quantity_product" id="item_quantity_112019" type="number" data-product="112019" value="" min="1" max="999" required="" autocomplete="off">                                                            </label>                                    <a class="add_button" title="Más" href="javascript:void(0);">+</a>                    <a class="added_tick" title="Cambiar unidades" href="javascript:void(0);"></a>                            </div>                                                <div class="article_pum">                        <span>      5,35€/Kilo</span>                    </div>                                                                            <a data-product-id="112019" class="orange_button btn_add2cart" title="Añadir al carrito" onclick="dataLayer.push({event: 'event_gtm',category:'acciones usuario', action:'a�adir producto desde listado'})" href="javascript:addToCartFromItemList('112019')">AÑADIR AL CARRITO &gt;</a>                                        <span class="added_button">En carrito</span>                                    <a class="white_button" title="Añadir a mi lista" href="javascript:addToListFromItemList('112019')" onclick="dataLayer.push({event: 'event_gtm',category:'acciones usuario', action:'a�adir producto a lista'});">Añadir a mi lista</a>                                </div>                    <a class="article_link" title="Ver ficha de BICARBONATO SAL COSTA USO DOMESTICO 200 G" href="/BICARBONATO-SAL-COSTA-USO-DOMESTICO-200-G_112019_prd_es_ES.jsp" onclick="javascript:callingTaggingEnpoints('')" itemprop="url"></a>                <div class="hover_container">            <div class="hover">                <div class="info_symbol"></div>            </div>        </div>                    </article>            </li>                    <li class="article" itemprop="itemListElement" itemscope="" itemtype="http://schema.org/Product">                    <article class="article_container" id="item_description_524036">            <a class="article_name" title="Ver ficha de TOMATE FRITO ORLANDO 350 G" href="/TOMATE-FRITO-ORLANDO-350-G_524036_prd_es_ES.jsp" itemprop="url"><span itemprop="name" id="description_text">TOMATE FRITO ORLANDO 350 G</span></a>            <!--informacion de gluten y calorias -->        <div class="info_container">                            <span class="calories">73 <span>kcal</span></span>                <a class="info" title="Producto con 73 kilocalorías" href="javascript:void(0);">                    <span class="info_text">Producto con 73 kilocalorías.</span>                </a>                                                            <img class="info_icon" alt="10% Descuento para suscriptores Condisline Prime" src="//static.condisline.com/resize_39x39/images/product_icons/icon_subscription.png" width="39" height="39">                                            <a class="info" title="10% Descuento para suscriptores Condisline Prime" href="javascript:void(0);">                            <span class="info_text">10% Descuento para suscriptores Condisline Prime</span>                        </a>                                                        <img class="info_icon" alt="Producto sin gluten" src="//static.condisline.com/resize_39x39/images/product_icons/no_gluten.png" width="39" height="39">                                            <a class="info" title="Producto sin gluten" href="javascript:void(0);">                            <span class="info_text">Producto sin gluten</span>                        </a>                                                        </div>        <img class="article_image" alt="TOMATE FRITO ORLANDO 350 G" data-original="//static.condisline.com/resize_190x200/images/catalog/large/524036.jpg" src="//static.condisline.com/resize_190x200/images/catalog/large/524036.jpg" width="190" height="200" style="display: block;">        <meta itemprop="image" content="//static.condisline.com/resize_190x200/images/catalog/large/524036.jpg">        <div class="article_price_container" itemprop="offers" itemscope="" itemtype="http://schema.org/Offer">            <!-- Price -->                                            <span class="article_price" itemprop="price"><span id="list_price_524036">0,99</span></span>                <span class="currency">€</span>                <script>                    formatNumber('0.99', 'list_price_524036');                </script>                        <meta itemprop="priceCurrency" content="EUR">            <div class="unit_container">                                    <a class="substract_button" title="Menos" href="javascript:void(0);">-</a>                                <label class="quantity_container">                                                                        <input class="input_quantity_product" id="item_quantity_524036" type="number" data-product="524036" value="" min="1" max="999" required="" autocomplete="off">                                                            </label>                                    <a class="add_button" title="Más" href="javascript:void(0);">+</a>                    <a class="added_tick" title="Cambiar unidades" href="javascript:void(0);"></a>                            </div>                                                <div class="article_pum">                        <span>      2,83€/Kilo</span>                    </div>                                                                            <a data-product-id="524036" class="orange_button btn_add2cart" title="Añadir al carrito" onclick="dataLayer.push({event: 'event_gtm',category:'acciones usuario', action:'a�adir producto desde listado'})" href="javascript:addToCartFromItemList('524036')">AÑADIR AL CARRITO &gt;</a>                                        <span class="added_button">En carrito</span>                                    <a class="white_button" title="Añadir a mi lista" href="javascript:addToListFromItemList('524036')" onclick="dataLayer.push({event: 'event_gtm',category:'acciones usuario', action:'a�adir producto a lista'});">Añadir a mi lista</a>                                </div>                    <a class="article_link" title="Ver ficha de TOMATE FRITO ORLANDO 350 G" href="/TOMATE-FRITO-ORLANDO-350-G_524036_prd_es_ES.jsp" onclick="javascript:callingTaggingEnpoints('')" itemprop="url"></a>                <div class="hover_container">            <div class="hover">                <div class="info_symbol"></div>            </div>        </div>                    </article>            </li>                    <li class="article" itemprop="itemListElement" itemscope="" itemtype="http://schema.org/Product">                    <article class="article_container" id="item_description_124167">            <a class="article_name" title="Ver ficha de OREGANO CONDIS HOJA 1 UNIDAD" href="/OREGANO-CONDIS-HOJA-1-UNIDAD_124167_prd_es_ES.jsp" itemprop="url"><span itemprop="name" id="description_text">OREGANO CONDIS HOJA 1 UNIDAD</span></a>            <!--informacion de gluten y calorias -->        <div class="info_container">                                                            <img class="info_icon" alt="10% Descuento para suscriptores Condisline Prime" src="//static.condisline.com/resize_39x39/images/product_icons/icon_subscription.png" width="39" height="39">                                            <a class="info" title="10% Descuento para suscriptores Condisline Prime" href="javascript:void(0);">                            <span class="info_text">10% Descuento para suscriptores Condisline Prime</span>                        </a>                                                        <img class="info_icon" alt="Producto sin gluten" src="//static.condisline.com/resize_39x39/images/product_icons/no_gluten.png" width="39" height="39">                                            <a class="info" title="Producto sin gluten" href="javascript:void(0);">                            <span class="info_text">Producto sin gluten</span>                        </a>                                                        <img class="info_icon" alt="Marca propia" src="//static.condisline.com/resize_39x39/images/product_icons/marca_propia.png" width="39" height="39">                                            <a class="info" title="Marca propia" href="javascript:void(0);">                            <span class="info_text">Marca propia</span>                        </a>                                                        </div>        <img class="article_image" alt="OREGANO CONDIS HOJA 1 UNIDAD" data-original="//static.condisline.com/resize_190x200/images/catalog/large/124167.jpg" src="//static.condisline.com/resize_190x200/images/catalog/large/124167.jpg" width="190" height="200" style="display: block;">        <meta itemprop="image" content="//static.condisline.com/resize_190x200/images/catalog/large/124167.jpg">        <div class="article_price_container" itemprop="offers" itemscope="" itemtype="http://schema.org/Offer">            <!-- Price -->                                            <span class="article_price" itemprop="price"><span id="list_price_124167">0,79</span></span>                <span class="currency">€</span>                <script>                    formatNumber('0.79', 'list_price_124167');                </script>                        <meta itemprop="priceCurrency" content="EUR">            <div class="unit_container">                                    <a class="substract_button" title="Menos" href="javascript:void(0);">-</a>                                <label class="quantity_container">                                                                        <input class="input_quantity_product" id="item_quantity_124167" type="number" data-product="124167" value="" min="1" max="999" required="" autocomplete="off">                                                            </label>                                    <a class="add_button" title="Más" href="javascript:void(0);">+</a>                    <a class="added_tick" title="Cambiar unidades" href="javascript:void(0);"></a>                            </div>                                                <div class="article_pum">                        <span>     71,82€/Kilo</span>                    </div>                                                                            <a data-product-id="124167" class="orange_button btn_add2cart" title="Añadir al carrito" onclick="dataLayer.push({event: 'event_gtm',category:'acciones usuario', action:'a�adir producto desde listado'})" href="javascript:addToCartFromItemList('124167')">AÑADIR AL CARRITO &gt;</a>                                        <span class="added_button">En carrito</span>                                    <a class="white_button" title="Añadir a mi lista" href="javascript:addToListFromItemList('124167')" onclick="dataLayer.push({event: 'event_gtm',category:'acciones usuario', action:'a�adir producto a lista'});">Añadir a mi lista</a>                                </div>                    <a class="article_link" title="Ver ficha de OREGANO CONDIS HOJA 1 UNIDAD" href="/OREGANO-CONDIS-HOJA-1-UNIDAD_124167_prd_es_ES.jsp" onclick="javascript:callingTaggingEnpoints('')" itemprop="url"></a>                <div class="hover_container">            <div class="hover">                <div class="info_symbol"></div>            </div>        </div>                    </article>            </li>                    <li class="article" itemprop="itemListElement" itemscope="" itemtype="http://schema.org/Product">                    <article class="article_container" id="item_description_110265">            <a class="article_name" title="Ver ficha de SALSA GALLO PESTO 190 G" href="/SALSA-GALLO-PESTO-190-G_110265_prd_es_ES.jsp" itemprop="url"><span itemprop="name" id="description_text">SALSA GALLO PESTO 190 G</span></a>            <!--informacion de gluten y calorias -->        <div class="info_container">                            <span class="calories">417 <span>kcal</span></span>                <a class="info" title="Producto con 417 kilocalorías" href="javascript:void(0);">                    <span class="info_text">Producto con 417 kilocalorías.</span>                </a>                                                            <img class="info_icon" alt="10% Descuento para suscriptores Condisline Prime" src="//static.condisline.com/resize_39x39/images/product_icons/icon_subscription.png" width="39" height="39">                                            <a class="info" title="10% Descuento para suscriptores Condisline Prime" href="javascript:void(0);">                            <span class="info_text">10% Descuento para suscriptores Condisline Prime</span>                        </a>                                                        <img class="info_icon" alt="Producto sin gluten" src="//static.condisline.com/resize_39x39/images/product_icons/no_gluten.png" width="39" height="39">                                            <a class="info" title="Producto sin gluten" href="javascript:void(0);">                            <span class="info_text">Producto sin gluten</span>                        </a>                                                        </div>        <img class="article_image" alt="SALSA GALLO PESTO 190 G" data-original="//static.condisline.com/resize_190x200/images/catalog/large/110265.jpg" src="//static.condisline.com/resize_190x200/images/catalog/large/110265.jpg" width="190" height="200" style="display: block;">        <meta itemprop="image" content="//static.condisline.com/resize_190x200/images/catalog/large/110265.jpg">        <div class="article_price_container" itemprop="offers" itemscope="" itemtype="http://schema.org/Offer">            <!-- Price -->                                            <span class="article_price" itemprop="price"><span id="list_price_110265">2,53</span></span>                <span class="currency">€</span>                <script>                    formatNumber('2.53', 'list_price_110265');                </script>                        <meta itemprop="priceCurrency" content="EUR">            <div class="unit_container">                                    <a class="substract_button" title="Menos" href="javascript:void(0);">-</a>                                <label class="quantity_container">                                                                        <input class="input_quantity_product" id="item_quantity_110265" type="number" data-product="110265" value="" min="1" max="999" required="" autocomplete="off">                                                            </label>                                    <a class="add_button" title="Más" href="javascript:void(0);">+</a>                    <a class="added_tick" title="Cambiar unidades" href="javascript:void(0);"></a>                            </div>                                                <div class="article_pum">                        <span>     13,32€/Kilo</span>                    </div>                                                                            <a data-product-id="110265" class="orange_button btn_add2cart" title="Añadir al carrito" onclick="dataLayer.push({event: 'event_gtm',category:'acciones usuario', action:'a�adir producto desde listado'})" href="javascript:addToCartFromItemList('110265')">AÑADIR AL CARRITO &gt;</a>                                        <span class="added_button">En carrito</span>                                    <a class="white_button" title="Añadir a mi lista" href="javascript:addToListFromItemList('110265')" onclick="dataLayer.push({event: 'event_gtm',category:'acciones usuario', action:'a�adir producto a lista'});">Añadir a mi lista</a>                                </div>                    <a class="article_link" title="Ver ficha de SALSA GALLO PESTO 190 G" href="/SALSA-GALLO-PESTO-190-G_110265_prd_es_ES.jsp" onclick="javascript:callingTaggingEnpoints('')" itemprop="url"></a>                <div class="hover_container">            <div class="hover">                <div class="info_symbol"></div>            </div>        </div>                    </article>            </li>                    <li class="article" itemprop="itemListElement" itemscope="" itemtype="http://schema.org/Product">                    <article class="article_container" id="item_description_509089">            <a class="article_name" title="Ver ficha de MAYONESA CONDIS PET BOCABAJO 475 G" href="/MAYONESA-CONDIS-PET-BOCABAJO-475-G_509089_prd_es_ES.jsp" itemprop="url"><span itemprop="name" id="description_text">MAYONESA CONDIS PET BOCABAJO 475 G</span></a>            <!--informacion de gluten y calorias -->        <div class="info_container">                            <span class="calories">610 <span>kcal</span></span>                <a class="info" title="Producto con 610 kilocalorías" href="javascript:void(0);">                    <span class="info_text">Producto con 610 kilocalorías.</span>                </a>                                                            <img class="info_icon" alt="10% Descuento para suscriptores Condisline Prime" src="//static.condisline.com/resize_39x39/images/product_icons/icon_subscription.png" width="39" height="39">                                            <a class="info" title="10% Descuento para suscriptores Condisline Prime" href="javascript:void(0);">                            <span class="info_text">10% Descuento para suscriptores Condisline Prime</span>                        </a>                                                        <img class="info_icon" alt="Producto sin gluten" src="//static.condisline.com/resize_39x39/images/product_icons/no_gluten.png" width="39" height="39">                                            <a class="info" title="Producto sin gluten" href="javascript:void(0);">                            <span class="info_text">Producto sin gluten</span>                        </a>                                                        <img class="info_icon" alt="Marca propia" src="//static.condisline.com/resize_39x39/images/product_icons/marca_propia.png" width="39" height="39">                                            <a class="info" title="Marca propia" href="javascript:void(0);">                            <span class="info_text">Marca propia</span>                        </a>                                                        </div>        <img class="article_image" alt="MAYONESA CONDIS PET BOCABAJO 475 G" data-original="//static.condisline.com/resize_190x200/images/catalog/large/509089.jpg" src="//static.condisline.com/resize_190x200/images/catalog/large/509089.jpg" width="190" height="200" style="display: block;">        <meta itemprop="image" content="//static.condisline.com/resize_190x200/images/catalog/large/509089.jpg">        <div class="article_price_container" itemprop="offers" itemscope="" itemtype="http://schema.org/Offer">            <!-- Price -->                                            <span class="article_price" itemprop="price"><span id="list_price_509089">1,59</span></span>                <span class="currency">€</span>                <script>                    formatNumber('1.59', 'list_price_509089');                </script>                        <meta itemprop="priceCurrency" content="EUR">            <div class="unit_container">                                    <a class="substract_button" title="Menos" href="javascript:void(0);">-</a>                                <label class="quantity_container">                                                                        <input class="input_quantity_product" id="item_quantity_509089" type="number" data-product="509089" value="" min="1" max="999" required="" autocomplete="off">                                                            </label>                                    <a class="add_button" title="Más" href="javascript:void(0);">+</a>                    <a class="added_tick" title="Cambiar unidades" href="javascript:void(0);"></a>                            </div>                                                <div class="article_pum">                        <span>      3,35€/Kilo</span>                    </div>                                                                            <a data-product-id="509089" class="orange_button btn_add2cart" title="Añadir al carrito" onclick="dataLayer.push({event: 'event_gtm',category:'acciones usuario', action:'a�adir producto desde listado'})" href="javascript:addToCartFromItemList('509089')">AÑADIR AL CARRITO &gt;</a>                                        <span class="added_button">En carrito</span>                                    <a class="white_button" title="Añadir a mi lista" href="javascript:addToListFromItemList('509089')" onclick="dataLayer.push({event: 'event_gtm',category:'acciones usuario', action:'a�adir producto a lista'});">Añadir a mi lista</a>                                </div>                    <a class="article_link" title="Ver ficha de MAYONESA CONDIS PET BOCABAJO 475 G" href="/MAYONESA-CONDIS-PET-BOCABAJO-475-G_509089_prd_es_ES.jsp" onclick="javascript:callingTaggingEnpoints('')" itemprop="url"></a>                <div class="hover_container">            <div class="hover">                <div class="info_symbol"></div>            </div>        </div>                    </article>            </li>                    <li class="article" itemprop="itemListElement" itemscope="" itemtype="http://schema.org/Product">                    <article class="article_container" id="item_description_110415">            <a class="article_name" title="Ver ficha de SALSA GALLO BOLOÑESA 230 G" href="/SALSA-GALLO-BOLONESA-230-G_110415_prd_es_ES.jsp" itemprop="url"><span itemprop="name" id="description_text">SALSA GALLO BOLOÑESA 230 G</span></a>            <!--informacion de gluten y calorias -->        <div class="info_container">                            <span class="calories">103 <span>kcal</span></span>                <a class="info" title="Producto con 103 kilocalorías" href="javascript:void(0);">                    <span class="info_text">Producto con 103 kilocalorías.</span>                </a>                                                            <img class="info_icon" alt="10% Descuento para suscriptores Condisline Prime" src="//static.condisline.com/resize_39x39/images/product_icons/icon_subscription.png" width="39" height="39">                                            <a class="info" title="10% Descuento para suscriptores Condisline Prime" href="javascript:void(0);">                            <span class="info_text">10% Descuento para suscriptores Condisline Prime</span>                        </a>                                                        <img class="info_icon" alt="Producto sin gluten" src="//static.condisline.com/resize_39x39/images/product_icons/no_gluten.png" width="39" height="39">                                            <a class="info" title="Producto sin gluten" href="javascript:void(0);">                            <span class="info_text">Producto sin gluten</span>                        </a>                                                        </div>        <img class="article_image" alt="SALSA GALLO BOLOÑESA 230 G" data-original="//static.condisline.com/resize_190x200/images/catalog/large/110415.jpg" src="//static.condisline.com/resize_190x200/images/catalog/large/110415.jpg" width="190" height="200" style="display: block;">        <meta itemprop="image" content="//static.condisline.com/resize_190x200/images/catalog/large/110415.jpg">        <div class="article_price_container" itemprop="offers" itemscope="" itemtype="http://schema.org/Offer">            <!-- Price -->                                            <span class="article_price" itemprop="price"><span id="list_price_110415">2,15</span></span>                <span class="currency">€</span>                <script>                    formatNumber('2.15', 'list_price_110415');                </script>                        <meta itemprop="priceCurrency" content="EUR">            <div class="unit_container">                                    <a class="substract_button" title="Menos" href="javascript:void(0);">-</a>                                <label class="quantity_container">                                                                        <input class="input_quantity_product" id="item_quantity_110415" type="number" data-product="110415" value="" min="1" max="999" required="" autocomplete="off">                                                            </label>                                    <a class="add_button" title="Más" href="javascript:void(0);">+</a>                    <a class="added_tick" title="Cambiar unidades" href="javascript:void(0);"></a>                            </div>                                                <div class="article_pum">                        <span>      9,35€/Kilo</span>                    </div>                                                                            <a data-product-id="110415" class="orange_button btn_add2cart" title="Añadir al carrito" onclick="dataLayer.push({event: 'event_gtm',category:'acciones usuario', action:'a�adir producto desde listado'})" href="javascript:addToCartFromItemList('110415')">AÑADIR AL CARRITO &gt;</a>                                        <span class="added_button">En carrito</span>                                    <a class="white_button" title="Añadir a mi lista" href="javascript:addToListFromItemList('110415')" onclick="dataLayer.push({event: 'event_gtm',category:'acciones usuario', action:'a�adir producto a lista'});">Añadir a mi lista</a>                                </div>                    <a class="article_link" title="Ver ficha de SALSA GALLO BOLOÑESA 230 G" href="/SALSA-GALLO-BOLONESA-230-G_110415_prd_es_ES.jsp" onclick="javascript:callingTaggingEnpoints('')" itemprop="url"></a>                <div class="hover_container">            <div class="hover">                <div class="info_symbol"></div>            </div>        </div>                    </article>            </li>                    <li class="article" itemprop="itemListElement" itemscope="" itemtype="http://schema.org/Product">                    <article class="article_container" id="item_description_124168">            <a class="article_name" title="Ver ficha de AJO  MOLIDO CONDIS 55 G" href="/AJO-MOLIDO-CONDIS-55-G_124168_prd_es_ES.jsp" itemprop="url"><span itemprop="name" id="description_text">AJO  MOLIDO CONDIS 55 G</span></a>            <!--informacion de gluten y calorias -->        <div class="info_container">                                                            <img class="info_icon" alt="10% Descuento para suscriptores Condisline Prime" src="//static.condisline.com/resize_39x39/images/product_icons/icon_subscription.png" width="39" height="39">                                            <a class="info" title="10% Descuento para suscriptores Condisline Prime" href="javascript:void(0);">                            <span class="info_text">10% Descuento para suscriptores Condisline Prime</span>                        </a>                                                        <img class="info_icon" alt="Marca propia" src="//static.condisline.com/resize_39x39/images/product_icons/marca_propia.png" width="39" height="39">                                            <a class="info" title="Marca propia" href="javascript:void(0);">                            <span class="info_text">Marca propia</span>                        </a>                                                        </div>        <img class="article_image" alt="AJO  MOLIDO CONDIS 55 G" data-original="//static.condisline.com/resize_190x200/images/catalog/large/124168.jpg" src="//static.condisline.com/resize_190x200/images/catalog/large/124168.jpg" width="190" height="200" style="display: block;">        <meta itemprop="image" content="//static.condisline.com/resize_190x200/images/catalog/large/124168.jpg">        <div class="article_price_container" itemprop="offers" itemscope="" itemtype="http://schema.org/Offer">            <!-- Price -->                                            <span class="article_price" itemprop="price"><span id="list_price_124168">1,01</span></span>                <span class="currency">€</span>                <script>                    formatNumber('1.01', 'list_price_124168');                </script>                        <meta itemprop="priceCurrency" content="EUR">            <div class="unit_container">                                    <a class="substract_button" title="Menos" href="javascript:void(0);">-</a>                                <label class="quantity_container">                                                                        <input class="input_quantity_product" id="item_quantity_124168" type="number" data-product="124168" value="" min="1" max="999" required="" autocomplete="off">                                                            </label>                                    <a class="add_button" title="Más" href="javascript:void(0);">+</a>                    <a class="added_tick" title="Cambiar unidades" href="javascript:void(0);"></a>                            </div>                                                <div class="article_pum">                        <span>     18,36€/Kilo</span>                    </div>                                                                            <a data-product-id="124168" class="orange_button btn_add2cart" title="Añadir al carrito" onclick="dataLayer.push({event: 'event_gtm',category:'acciones usuario', action:'a�adir producto desde listado'})" href="javascript:addToCartFromItemList('124168')">AÑADIR AL CARRITO &gt;</a>                                        <span class="added_button">En carrito</span>                                    <a class="white_button" title="Añadir a mi lista" href="javascript:addToListFromItemList('124168')" onclick="dataLayer.push({event: 'event_gtm',category:'acciones usuario', action:'a�adir producto a lista'});">Añadir a mi lista</a>                                </div>                    <a class="article_link" title="Ver ficha de AJO  MOLIDO CONDIS 55 G" href="/AJO-MOLIDO-CONDIS-55-G_124168_prd_es_ES.jsp" onclick="javascript:callingTaggingEnpoints('')" itemprop="url"></a>                <div class="hover_container">            <div class="hover">                <div class="info_symbol"></div>            </div>        </div>                    </article>            </li>                    <li class="article" itemprop="itemListElement" itemscope="" itemtype="http://schema.org/Product">                    <article class="article_container" id="item_description_519063">            <a class="article_name" title="Ver ficha de SALSA FINA LIGERESA BOCABAJO 430 ML" href="/SALSA-FINA-LIGERESA-BOCABAJO-430-ML_519063_prd_es_ES.jsp" itemprop="url"><span itemprop="name" id="description_text">SALSA FINA LIGERESA BOCABAJO 430 ML</span></a>            <!--informacion de gluten y calorias -->        <div class="info_container">                            <span class="calories">177 <span>kcal</span></span>                <a class="info" title="Producto con 177 kilocalorías" href="javascript:void(0);">                    <span class="info_text">Producto con 177 kilocalorías.</span>                </a>                                                            <img class="info_icon" alt="10% Descuento para suscriptores Condisline Prime" src="//static.condisline.com/resize_39x39/images/product_icons/icon_subscription.png" width="39" height="39">                                            <a class="info" title="10% Descuento para suscriptores Condisline Prime" href="javascript:void(0);">                            <span class="info_text">10% Descuento para suscriptores Condisline Prime</span>                        </a>                                                        </div>        <img class="article_image" alt="SALSA FINA LIGERESA BOCABAJO 430 ML" data-original="//static.condisline.com/resize_190x200/images/catalog/large/519063.jpg" src="//static.condisline.com/resize_190x200/images/catalog/large/519063.jpg" width="190" height="200" style="display: block;">        <meta itemprop="image" content="//static.condisline.com/resize_190x200/images/catalog/large/519063.jpg">        <div class="article_price_container" itemprop="offers" itemscope="" itemtype="http://schema.org/Offer">            <!-- Price -->                                            <span class="article_price" itemprop="price"><span id="list_price_519063">2,65</span></span>                <span class="currency">€</span>                <script>                    formatNumber('2.65', 'list_price_519063');                </script>                        <meta itemprop="priceCurrency" content="EUR">            <div class="unit_container">                                    <a class="substract_button" title="Menos" href="javascript:void(0);">-</a>                                <label class="quantity_container">                                                                        <input class="input_quantity_product" id="item_quantity_519063" type="number" data-product="519063" value="" min="1" max="999" required="" autocomplete="off">                                                            </label>                                    <a class="add_button" title="Más" href="javascript:void(0);">+</a>                    <a class="added_tick" title="Cambiar unidades" href="javascript:void(0);"></a>                            </div>                                                <div class="article_pum">                        <span>      6,16€/Kilo</span>                    </div>                                                                            <a data-product-id="519063" class="orange_button btn_add2cart" title="Añadir al carrito" onclick="dataLayer.push({event: 'event_gtm',category:'acciones usuario', action:'a�adir producto desde listado'})" href="javascript:addToCartFromItemList('519063')">AÑADIR AL CARRITO &gt;</a>                                        <span class="added_button">En carrito</span>                                    <a class="white_button" title="Añadir a mi lista" href="javascript:addToListFromItemList('519063')" onclick="dataLayer.push({event: 'event_gtm',category:'acciones usuario', action:'a�adir producto a lista'});">Añadir a mi lista</a>                                </div>                    <a class="article_link" title="Ver ficha de SALSA FINA LIGERESA BOCABAJO 430 ML" href="/SALSA-FINA-LIGERESA-BOCABAJO-430-ML_519063_prd_es_ES.jsp" onclick="javascript:callingTaggingEnpoints('')" itemprop="url"></a>                <div class="hover_container">            <div class="hover">                <div class="info_symbol"></div>            </div>        </div>                    </article>            </li>                    <li class="article" itemprop="itemListElement" itemscope="" itemtype="http://schema.org/Product">                    <article class="article_container" id="item_description_116176">            <a class="article_name" title="Ver ficha de SAZONADOR OLD EL PASO FAJITAS 30 G" href="/SAZONADOR-OLD-EL-PASO-FAJITAS-30-G_116176_prd_es_ES.jsp" itemprop="url"><span itemprop="name" id="description_text">SAZONADOR OLD EL PASO FAJITAS 30 G</span></a>            <!--informacion de gluten y calorias -->        <div class="info_container">                            <span class="calories">305 <span>kcal</span></span>                <a class="info" title="Producto con 305 kilocalorías" href="javascript:void(0);">                    <span class="info_text">Producto con 305 kilocalorías.</span>                </a>                                                            <img class="info_icon" alt="10% Descuento para suscriptores Condisline Prime" src="//static.condisline.com/resize_39x39/images/product_icons/icon_subscription.png" width="39" height="39">                                            <a class="info" title="10% Descuento para suscriptores Condisline Prime" href="javascript:void(0);">                            <span class="info_text">10% Descuento para suscriptores Condisline Prime</span>                        </a>                                                        </div>        <img class="article_image" alt="SAZONADOR OLD EL PASO FAJITAS 30 G" data-original="//static.condisline.com/resize_190x200/images/catalog/large/116176.jpg" src="//static.condisline.com/resize_190x200/images/catalog/large/116176.jpg" width="190" height="200" style="display: block;">        <meta itemprop="image" content="//static.condisline.com/resize_190x200/images/catalog/large/116176.jpg">        <div class="article_price_container" itemprop="offers" itemscope="" itemtype="http://schema.org/Offer">            <!-- Price -->                                            <span class="article_price" itemprop="price"><span id="list_price_116176">1,39</span></span>                <span class="currency">€</span>                <script>                    formatNumber('1.39', 'list_price_116176');                </script>                        <meta itemprop="priceCurrency" content="EUR">            <div class="unit_container">                                    <a class="substract_button" title="Menos" href="javascript:void(0);">-</a>                                <label class="quantity_container">                                                                        <input class="input_quantity_product" id="item_quantity_116176" type="number" data-product="116176" value="" min="1" max="999" required="" autocomplete="off">                                                            </label>                                    <a class="add_button" title="Más" href="javascript:void(0);">+</a>                    <a class="added_tick" title="Cambiar unidades" href="javascript:void(0);"></a>                            </div>                                                <div class="article_pum">                        <span>     46,33€/Kilo</span>                    </div>                                                                            <a data-product-id="116176" class="orange_button btn_add2cart" title="Añadir al carrito" onclick="dataLayer.push({event: 'event_gtm',category:'acciones usuario', action:'a�adir producto desde listado'})" href="javascript:addToCartFromItemList('116176')">AÑADIR AL CARRITO &gt;</a>                                        <span class="added_button">En carrito</span>                                    <a class="white_button" title="Añadir a mi lista" href="javascript:addToListFromItemList('116176')" onclick="dataLayer.push({event: 'event_gtm',category:'acciones usuario', action:'a�adir producto a lista'});">Añadir a mi lista</a>                                </div>                    <a class="article_link" title="Ver ficha de SAZONADOR OLD EL PASO FAJITAS 30 G" href="/SAZONADOR-OLD-EL-PASO-FAJITAS-30-G_116176_prd_es_ES.jsp" onclick="javascript:callingTaggingEnpoints('')" itemprop="url"></a>                <div class="hover_container">            <div class="hover">                <div class="info_symbol"></div>            </div>        </div>                    </article>            </li>                    <li class="article" itemprop="itemListElement" itemscope="" itemtype="http://schema.org/Product">                    <article class="article_container" id="item_description_110425">            <a class="article_name" title="Ver ficha de SALSA HEINZ MOSTAZA SUAVE 220 G" href="/SALSA-HEINZ-MOSTAZA-SUAVE-220-G_110425_prd_es_ES.jsp" itemprop="url"><span itemprop="name" id="description_text">SALSA HEINZ MOSTAZA SUAVE 220 G</span></a>            <!--informacion de gluten y calorias -->        <div class="info_container">                                                            <img class="info_icon" alt="10% Descuento para suscriptores Condisline Prime" src="//static.condisline.com/resize_39x39/images/product_icons/icon_subscription.png" width="39" height="39">                                            <a class="info" title="10% Descuento para suscriptores Condisline Prime" href="javascript:void(0);">                            <span class="info_text">10% Descuento para suscriptores Condisline Prime</span>                        </a>                                                        </div>        <img class="article_image" alt="SALSA HEINZ MOSTAZA SUAVE 220 G" data-original="//static.condisline.com/resize_190x200/images/catalog/large/110425.jpg" src="//static.condisline.com/resize_190x200/images/catalog/large/110425.jpg" width="190" height="200" style="display: block;">        <meta itemprop="image" content="//static.condisline.com/resize_190x200/images/catalog/large/110425.jpg">        <div class="article_price_container" itemprop="offers" itemscope="" itemtype="http://schema.org/Offer">            <!-- Price -->                                            <span class="article_price" itemprop="price"><span id="list_price_110425">2,49</span></span>                <span class="currency">€</span>                <script>                    formatNumber('2.49', 'list_price_110425');                </script>                        <meta itemprop="priceCurrency" content="EUR">            <div class="unit_container">                                    <a class="substract_button" title="Menos" href="javascript:void(0);">-</a>                                <label class="quantity_container">                                                                        <input class="input_quantity_product" id="item_quantity_110425" type="number" data-product="110425" value="" min="1" max="999" required="" autocomplete="off">                                                            </label>                                    <a class="add_button" title="Más" href="javascript:void(0);">+</a>                    <a class="added_tick" title="Cambiar unidades" href="javascript:void(0);"></a>                            </div>                                                <div class="article_pum">                        <span>     11,32€/Kilo</span>                    </div>                                                                            <a data-product-id="110425" class="orange_button btn_add2cart" title="Añadir al carrito" onclick="dataLayer.push({event: 'event_gtm',category:'acciones usuario', action:'a�adir producto desde listado'})" href="javascript:addToCartFromItemList('110425')">AÑADIR AL CARRITO &gt;</a>                                        <span class="added_button">En carrito</span>                                    <a class="white_button" title="Añadir a mi lista" href="javascript:addToListFromItemList('110425')" onclick="dataLayer.push({event: 'event_gtm',category:'acciones usuario', action:'a�adir producto a lista'});">Añadir a mi lista</a>                                </div>                    <a class="article_link" title="Ver ficha de SALSA HEINZ MOSTAZA SUAVE 220 G" href="/SALSA-HEINZ-MOSTAZA-SUAVE-220-G_110425_prd_es_ES.jsp" onclick="javascript:callingTaggingEnpoints('')" itemprop="url"></a>                <div class="hover_container">            <div class="hover">                <div class="info_symbol"></div>            </div>        </div>                    </article>            </li>                    <li class="article" itemprop="itemListElement" itemscope="" itemtype="http://schema.org/Product">                    <article class="article_container" id="item_description_110416">            <a class="article_name" title="Ver ficha de SALSA GALLO BOLOÑESA 350 G" href="/SALSA-GALLO-BOLONESA-350-G_110416_prd_es_ES.jsp" itemprop="url"><span itemprop="name" id="description_text">SALSA GALLO BOLOÑESA 350 G</span></a>            <!--informacion de gluten y calorias -->        <div class="info_container">                            <span class="calories">103 <span>kcal</span></span>                <a class="info" title="Producto con 103 kilocalorías" href="javascript:void(0);">                    <span class="info_text">Producto con 103 kilocalorías.</span>                </a>                                                            <img class="info_icon" alt="10% Descuento para suscriptores Condisline Prime" src="//static.condisline.com/resize_39x39/images/product_icons/icon_subscription.png" width="39" height="39">                                            <a class="info" title="10% Descuento para suscriptores Condisline Prime" href="javascript:void(0);">                            <span class="info_text">10% Descuento para suscriptores Condisline Prime</span>                        </a>                                                        </div>        <img class="article_image" alt="SALSA GALLO BOLOÑESA 350 G" data-original="//static.condisline.com/resize_190x200/images/catalog/large/110416.jpg" src="//static.condisline.com/resize_190x200/images/catalog/large/110416.jpg" width="190" height="200" style="display: block;">        <meta itemprop="image" content="//static.condisline.com/resize_190x200/images/catalog/large/110416.jpg">        <div class="article_price_container" itemprop="offers" itemscope="" itemtype="http://schema.org/Offer">            <!-- Price -->                                            <span class="article_price" itemprop="price"><span id="list_price_110416">2,99</span></span>                <span class="currency">€</span>                <script>                    formatNumber('2.99', 'list_price_110416');                </script>                        <meta itemprop="priceCurrency" content="EUR">            <div class="unit_container">                                    <a class="substract_button" title="Menos" href="javascript:void(0);">-</a>                                <label class="quantity_container">                                                                        <input class="input_quantity_product" id="item_quantity_110416" type="number" data-product="110416" value="" min="1" max="999" required="" autocomplete="off">                                                            </label>                                    <a class="add_button" title="Más" href="javascript:void(0);">+</a>                    <a class="added_tick" title="Cambiar unidades" href="javascript:void(0);"></a>                            </div>                                                <div class="article_pum">                        <span>      8,54€/Kilo</span>                    </div>                                                                            <a data-product-id="110416" class="orange_button btn_add2cart" title="Añadir al carrito" onclick="dataLayer.push({event: 'event_gtm',category:'acciones usuario', action:'a�adir producto desde listado'})" href="javascript:addToCartFromItemList('110416')">AÑADIR AL CARRITO &gt;</a>                                        <span class="added_button">En carrito</span>                                    <a class="white_button" title="Añadir a mi lista" href="javascript:addToListFromItemList('110416')" onclick="dataLayer.push({event: 'event_gtm',category:'acciones usuario', action:'a�adir producto a lista'});">Añadir a mi lista</a>                                </div>                    <a class="article_link" title="Ver ficha de SALSA GALLO BOLOÑESA 350 G" href="/SALSA-GALLO-BOLONESA-350-G_110416_prd_es_ES.jsp" onclick="javascript:callingTaggingEnpoints('')" itemprop="url"></a>                <div class="hover_container">            <div class="hover">                <div class="info_symbol"></div>            </div>        </div>                    </article>            </li>                    <li class="article" itemprop="itemListElement" itemscope="" itemtype="http://schema.org/Product">                    <article class="article_container" id="item_description_110464">            <a class="article_name" title="Ver ficha de KETCHUP PRIMA CERO AZUCARES 265 G" href="/KETCHUP-PRIMA-CERO-AZUCARES-265-G_110464_prd_es_ES.jsp" itemprop="url"><span itemprop="name" id="description_text">KETCHUP PRIMA CERO AZUCARES 265 G</span></a>            <!--informacion de gluten y calorias -->        <div class="info_container">                                                            <img class="info_icon" alt="10% Descuento para suscriptores Condisline Prime" src="//static.condisline.com/resize_39x39/images/product_icons/icon_subscription.png" width="39" height="39">                                            <a class="info" title="10% Descuento para suscriptores Condisline Prime" href="javascript:void(0);">                            <span class="info_text">10% Descuento para suscriptores Condisline Prime</span>                        </a>                                                        </div>        <img class="article_image" alt="KETCHUP PRIMA CERO AZUCARES 265 G" data-original="//static.condisline.com/resize_190x200/images/catalog/large/110464.jpg" src="//static.condisline.com/resize_190x200/images/catalog/large/110464.jpg" width="190" height="200" style="display: block;">        <meta itemprop="image" content="//static.condisline.com/resize_190x200/images/catalog/large/110464.jpg">        <div class="article_price_container" itemprop="offers" itemscope="" itemtype="http://schema.org/Offer">            <!-- Price -->                                            <span class="article_price" itemprop="price"><span id="list_price_110464">2,19</span></span>                <span class="currency">€</span>                <script>                    formatNumber('2.19', 'list_price_110464');                </script>                        <meta itemprop="priceCurrency" content="EUR">            <div class="unit_container">                                    <a class="substract_button" title="Menos" href="javascript:void(0);">-</a>                                <label class="quantity_container">                                                                        <input class="input_quantity_product" id="item_quantity_110464" type="number" data-product="110464" value="" min="1" max="999" required="" autocomplete="off">                                                            </label>                                    <a class="add_button" title="Más" href="javascript:void(0);">+</a>                    <a class="added_tick" title="Cambiar unidades" href="javascript:void(0);"></a>                            </div>                                                <div class="article_pum">                        <span>      8,26€/Kilo</span>                    </div>                                                                            <a data-product-id="110464" class="orange_button btn_add2cart" title="Añadir al carrito" onclick="dataLayer.push({event: 'event_gtm',category:'acciones usuario', action:'a�adir producto desde listado'})" href="javascript:addToCartFromItemList('110464')">AÑADIR AL CARRITO &gt;</a>                                        <span class="added_button">En carrito</span>                                    <a class="white_button" title="Añadir a mi lista" href="javascript:addToListFromItemList('110464')" onclick="dataLayer.push({event: 'event_gtm',category:'acciones usuario', action:'a�adir producto a lista'});">Añadir a mi lista</a>                                </div>                    <a class="article_link" title="Ver ficha de KETCHUP PRIMA CERO AZUCARES 265 G" href="/KETCHUP-PRIMA-CERO-AZUCARES-265-G_110464_prd_es_ES.jsp" onclick="javascript:callingTaggingEnpoints('')" itemprop="url"></a>                <div class="hover_container">            <div class="hover">                <div class="info_symbol"></div>            </div>        </div>                    </article>            </li>                    <li class="article" itemprop="itemListElement" itemscope="" itemtype="http://schema.org/Product">                    <article class="article_container" id="item_description_524099">            <a class="article_name" title="Ver ficha de PISTO GALLINA BLANCA CASERO VERDURAS 350 G" href="/PISTO-GALLINA-BLANCA-CASERO-VERDURAS-350-G_524099_prd_es_ES.jsp" itemprop="url"><span itemprop="name" id="description_text">PISTO GALLINA BLANCA CASERO VERDURAS 350 G</span></a>            <!--informacion de gluten y calorias -->        <div class="info_container">                            <span class="calories">79 <span>kcal</span></span>                <a class="info" title="Producto con 79 kilocalorías" href="javascript:void(0);">                    <span class="info_text">Producto con 79 kilocalorías.</span>                </a>                                                            <img class="info_icon" alt="10% Descuento para suscriptores Condisline Prime" src="//static.condisline.com/resize_39x39/images/product_icons/icon_subscription.png" width="39" height="39">                                            <a class="info" title="10% Descuento para suscriptores Condisline Prime" href="javascript:void(0);">                            <span class="info_text">10% Descuento para suscriptores Condisline Prime</span>                        </a>                                                        </div>        <img class="article_image" alt="PISTO GALLINA BLANCA CASERO VERDURAS 350 G" data-original="//static.condisline.com/resize_190x200/images/catalog/large/524099.jpg" src="//static.condisline.com/resize_190x200/images/catalog/large/524099.jpg" width="190" height="200" style="display: block;">        <meta itemprop="image" content="//static.condisline.com/resize_190x200/images/catalog/large/524099.jpg">        <div class="article_price_container" itemprop="offers" itemscope="" itemtype="http://schema.org/Offer">            <!-- Price -->                                            <span class="article_price" itemprop="price"><span id="list_price_524099">2,25</span></span>                <span class="currency">€</span>                <script>                    formatNumber('2.25', 'list_price_524099');                </script>                        <meta itemprop="priceCurrency" content="EUR">            <div class="unit_container">                                    <a class="substract_button" title="Menos" href="javascript:void(0);">-</a>                                <label class="quantity_container">                                                                        <input class="input_quantity_product" id="item_quantity_524099" type="number" data-product="524099" value="" min="1" max="999" required="" autocomplete="off">                                                            </label>                                    <a class="add_button" title="Más" href="javascript:void(0);">+</a>                    <a class="added_tick" title="Cambiar unidades" href="javascript:void(0);"></a>                            </div>                                                <div class="article_pum">                        <span>      6,43€/Kilo</span>                    </div>                                                                            <a data-product-id="524099" class="orange_button btn_add2cart" title="Añadir al carrito" onclick="dataLayer.push({event: 'event_gtm',category:'acciones usuario', action:'a�adir producto desde listado'})" href="javascript:addToCartFromItemList('524099')">AÑADIR AL CARRITO &gt;</a>                                        <span class="added_button">En carrito</span>                                    <a class="white_button" title="Añadir a mi lista" href="javascript:addToListFromItemList('524099')" onclick="dataLayer.push({event: 'event_gtm',category:'acciones usuario', action:'a�adir producto a lista'});">Añadir a mi lista</a>                                </div>                    <a class="article_link" title="Ver ficha de PISTO GALLINA BLANCA CASERO VERDURAS 350 G" href="/PISTO-GALLINA-BLANCA-CASERO-VERDURAS-350-G_524099_prd_es_ES.jsp" onclick="javascript:callingTaggingEnpoints('')" itemprop="url"></a>                <div class="hover_container">            <div class="hover">                <div class="info_symbol"></div>            </div>        </div>                    </article>            </li>                    <li class="article" itemprop="itemListElement" itemscope="" itemtype="http://schema.org/Product">                    <article class="article_container" id="item_description_121782">            <a class="article_name" title="Ver ficha de SAL MARINA FINA ECOLÓGICA ECO CESTA 1 KG" href="/SAL-MARINA-FINA-ECOLOGICA-ECO-CESTA-1-KG_121782_prd_es_ES.jsp" itemprop="url"><span itemprop="name" id="description_text">SAL MARINA FINA ECOLÓGICA ECO CESTA 1 KG</span></a>            <!--informacion de gluten y calorias -->        <div class="info_container">                            <span class="calories">0 <span>kcal</span></span>                <a class="info" title="Producto con 0 kilocalorías" href="javascript:void(0);">                    <span class="info_text">Producto con 0 kilocalorías.</span>                </a>                                                            <img class="info_icon" alt="10% Descuento para suscriptores Condisline Prime" src="//static.condisline.com/resize_39x39/images/product_icons/icon_subscription.png" width="39" height="39">                                            <a class="info" title="10% Descuento para suscriptores Condisline Prime" href="javascript:void(0);">                            <span class="info_text">10% Descuento para suscriptores Condisline Prime</span>                        </a>                                                        <img class="info_icon" alt="Producto ecológico" src="//static.condisline.com/resize_39x39/images/product_icons/icon_eco.jpg" width="39" height="39">                                            <a class="info" title="Producto ecológico" href="javascript:void(0);">                            <span class="info_text">Producto ecológico</span>                        </a>                                                        </div>        <img class="article_image" alt="SAL MARINA FINA ECOLÓGICA ECO CESTA 1 KG" data-original="//static.condisline.com/resize_190x200/images/catalog/large/121782.jpg" src="//static.condisline.com/resize_190x200/images/catalog/large/121782.jpg" width="190" height="200" style="display: block;">        <meta itemprop="image" content="//static.condisline.com/resize_190x200/images/catalog/large/121782.jpg">        <div class="article_price_container" itemprop="offers" itemscope="" itemtype="http://schema.org/Offer">            <!-- Price -->                                            <span class="article_price" itemprop="price"><span id="list_price_121782">1,79</span></span>                <span class="currency">€</span>                <script>                    formatNumber('1.79', 'list_price_121782');                </script>                        <meta itemprop="priceCurrency" content="EUR">            <div class="unit_container">                                    <a class="substract_button" title="Menos" href="javascript:void(0);">-</a>                                <label class="quantity_container">                                                                        <input class="input_quantity_product" id="item_quantity_121782" type="number" data-product="121782" value="" min="1" max="999" required="" autocomplete="off">                                                            </label>                                    <a class="add_button" title="Más" href="javascript:void(0);">+</a>                    <a class="added_tick" title="Cambiar unidades" href="javascript:void(0);"></a>                            </div>                                                <div class="article_pum">                        <span>      1,79€/Kilo</span>                    </div>                                                                            <a data-product-id="121782" class="orange_button btn_add2cart" title="Añadir al carrito" onclick="dataLayer.push({event: 'event_gtm',category:'acciones usuario', action:'a�adir producto desde listado'})" href="javascript:addToCartFromItemList('121782')">AÑADIR AL CARRITO &gt;</a>                                        <span class="added_button">En carrito</span>                                    <a class="white_button" title="Añadir a mi lista" href="javascript:addToListFromItemList('121782')" onclick="dataLayer.push({event: 'event_gtm',category:'acciones usuario', action:'a�adir producto a lista'});">Añadir a mi lista</a>                                </div>                    <a class="article_link" title="Ver ficha de SAL MARINA FINA ECOLÓGICA ECO CESTA 1 KG" href="/SAL-MARINA-FINA-ECOLOGICA-ECO-CESTA-1-KG_121782_prd_es_ES.jsp" onclick="javascript:callingTaggingEnpoints('')" itemprop="url"></a>                <div class="hover_container">            <div class="hover">                <div class="info_symbol"></div>            </div>        </div>                    </article>            </li>        <!--    </ul> --><!--    <ul id="carousel_articles" class="articles_list" itemscope="" itemtype="http://schema.org/ItemList"> -->                    <li class="article" itemprop="itemListElement" itemscope="" itemtype="http://schema.org/Product">                    <article class="article_container" id="item_description_112003">            <a class="article_name" title="Ver ficha de SAL COSTA YODO 1 KG" href="/SAL-COSTA-YODO-1-KG_112003_prd_es_ES.jsp" itemprop="url"><span itemprop="name" id="description_text">SAL COSTA YODO 1 KG</span></a>            <!--informacion de gluten y calorias -->        <div class="info_container">                                                            <img class="info_icon" alt="10% Descuento para suscriptores Condisline Prime" src="//static.condisline.com/resize_39x39/images/product_icons/icon_subscription.png" width="39" height="39">                                            <a class="info" title="10% Descuento para suscriptores Condisline Prime" href="javascript:void(0);">                            <span class="info_text">10% Descuento para suscriptores Condisline Prime</span>                        </a>                                                        </div>        <img class="article_image" alt="SAL COSTA YODO 1 KG" data-original="//static.condisline.com/resize_190x200/images/catalog/large/112003.jpg" src="//static.condisline.com/resize_190x200/images/catalog/large/112003.jpg" width="190" height="200" style="display: block;">        <meta itemprop="image" content="//static.condisline.com/resize_190x200/images/catalog/large/112003.jpg">        <div class="article_price_container" itemprop="offers" itemscope="" itemtype="http://schema.org/Offer">            <!-- Price -->                                            <span class="article_price" itemprop="price"><span id="list_price_112003">0,85</span></span>                <span class="currency">€</span>                <script>                    formatNumber('0.85', 'list_price_112003');                </script>                        <meta itemprop="priceCurrency" content="EUR">            <div class="unit_container">                                    <a class="substract_button" title="Menos" href="javascript:void(0);">-</a>                                <label class="quantity_container">                                                                        <input class="input_quantity_product" id="item_quantity_112003" type="number" data-product="112003" value="" min="1" max="999" required="" autocomplete="off">                                                            </label>                                    <a class="add_button" title="Más" href="javascript:void(0);">+</a>                    <a class="added_tick" title="Cambiar unidades" href="javascript:void(0);"></a>                            </div>                                                <div class="article_pum">                        <span>      0,85€/Kilo</span>                    </div>                                                                            <a data-product-id="112003" class="orange_button btn_add2cart" title="Añadir al carrito" onclick="dataLayer.push({event: 'event_gtm',category:'acciones usuario', action:'a�adir producto desde listado'})" href="javascript:addToCartFromItemList('112003')">AÑADIR AL CARRITO &gt;</a>                                        <span class="added_button">En carrito</span>                                    <a class="white_button" title="Añadir a mi lista" href="javascript:addToListFromItemList('112003')" onclick="dataLayer.push({event: 'event_gtm',category:'acciones usuario', action:'a�adir producto a lista'});">Añadir a mi lista</a>                                </div>                    <a class="article_link" title="Ver ficha de SAL COSTA YODO 1 KG" href="/SAL-COSTA-YODO-1-KG_112003_prd_es_ES.jsp" onclick="javascript:callingTaggingEnpoints('')" itemprop="url"></a>                <div class="hover_container">            <div class="hover">                <div class="info_symbol"></div>            </div>        </div>                    </article>            </li>                    <li class="article" itemprop="itemListElement" itemscope="" itemtype="http://schema.org/Product">                    <article class="article_container" id="item_description_519080">            <a class="article_name" title="Ver ficha de MAYONESA KRAFT TRADICIONAL 500 G" href="/MAYONESA-KRAFT-TRADICIONAL-500-G_519080_prd_es_ES.jsp" itemprop="url"><span itemprop="name" id="description_text">MAYONESA KRAFT TRADICIONAL 500 G</span></a>            <!--informacion de gluten y calorias -->        <div class="info_container">                            <span class="calories">363 <span>kcal</span></span>                <a class="info" title="Producto con 363 kilocalorías" href="javascript:void(0);">                    <span class="info_text">Producto con 363 kilocalorías.</span>                </a>                                                            <img class="info_icon" alt="10% Descuento para suscriptores Condisline Prime" src="//static.condisline.com/resize_39x39/images/product_icons/icon_subscription.png" width="39" height="39">                                            <a class="info" title="10% Descuento para suscriptores Condisline Prime" href="javascript:void(0);">                            <span class="info_text">10% Descuento para suscriptores Condisline Prime</span>                        </a>                                                        <img class="info_icon" alt="Producto sin gluten" src="//static.condisline.com/resize_39x39/images/product_icons/no_gluten.png" width="39" height="39">                                            <a class="info" title="Producto sin gluten" href="javascript:void(0);">                            <span class="info_text">Producto sin gluten</span>                        </a>                                                        </div>        <img class="article_image" alt="MAYONESA KRAFT TRADICIONAL 500 G" data-original="//static.condisline.com/resize_190x200/images/catalog/large/519080.jpg" src="//static.condisline.com/resize_190x200/images/catalog/large/519080.jpg" width="190" height="200" style="display: block;">        <meta itemprop="image" content="//static.condisline.com/resize_190x200/images/catalog/large/519080.jpg">        <div class="article_price_container" itemprop="offers" itemscope="" itemtype="http://schema.org/Offer">            <!-- Price -->                                            <span class="article_price" itemprop="price"><span id="list_price_519080">2,49</span></span>                <span class="currency">€</span>                <script>                    formatNumber('2.49', 'list_price_519080');                </script>                        <meta itemprop="priceCurrency" content="EUR">            <div class="unit_container">                                    <a class="substract_button" title="Menos" href="javascript:void(0);">-</a>                                <label class="quantity_container">                                                                        <input class="input_quantity_product" id="item_quantity_519080" type="number" data-product="519080" value="" min="1" max="999" required="" autocomplete="off">                                                            </label>                                    <a class="add_button" title="Más" href="javascript:void(0);">+</a>                    <a class="added_tick" title="Cambiar unidades" href="javascript:void(0);"></a>                            </div>                                                <div class="article_pum">                        <span>      4,98€/Kilo</span>                    </div>                                                                            <a data-product-id="519080" class="orange_button btn_add2cart" title="Añadir al carrito" onclick="dataLayer.push({event: 'event_gtm',category:'acciones usuario', action:'a�adir producto desde listado'})" href="javascript:addToCartFromItemList('519080')">AÑADIR AL CARRITO &gt;</a>                                        <span class="added_button">En carrito</span>                                    <a class="white_button" title="Añadir a mi lista" href="javascript:addToListFromItemList('519080')" onclick="dataLayer.push({event: 'event_gtm',category:'acciones usuario', action:'a�adir producto a lista'});">Añadir a mi lista</a>                                </div>                    <a class="article_link" title="Ver ficha de MAYONESA KRAFT TRADICIONAL 500 G" href="/MAYONESA-KRAFT-TRADICIONAL-500-G_519080_prd_es_ES.jsp" onclick="javascript:callingTaggingEnpoints('')" itemprop="url"></a>                <div class="hover_container">            <div class="hover">                <div class="info_symbol"></div>            </div>        </div>                    </article>            </li>                    <li class="article" itemprop="itemListElement" itemscope="" itemtype="http://schema.org/Product">                    <article class="article_container" id="item_description_110414">            <a class="article_name" title="Ver ficha de SALSA GALLO NAPOLITANA 350 G" href="/SALSA-GALLO-NAPOLITANA-350-G_110414_prd_es_ES.jsp" itemprop="url"><span itemprop="name" id="description_text">SALSA GALLO NAPOLITANA 350 G</span></a>            <!--informacion de gluten y calorias -->        <div class="info_container">                            <span class="calories">95 <span>kcal</span></span>                <a class="info" title="Producto con 95 kilocalorías" href="javascript:void(0);">                    <span class="info_text">Producto con 95 kilocalorías.</span>                </a>                                                            <img class="info_icon" alt="10% Descuento para suscriptores Condisline Prime" src="//static.condisline.com/resize_39x39/images/product_icons/icon_subscription.png" width="39" height="39">                                            <a class="info" title="10% Descuento para suscriptores Condisline Prime" href="javascript:void(0);">                            <span class="info_text">10% Descuento para suscriptores Condisline Prime</span>                        </a>                                                        </div>        <img class="article_image" alt="SALSA GALLO NAPOLITANA 350 G" data-original="//static.condisline.com/resize_190x200/images/catalog/large/110414.jpg" src="//static.condisline.com/resize_190x200/images/catalog/large/110414.jpg" width="190" height="200" style="display: block;">        <meta itemprop="image" content="//static.condisline.com/resize_190x200/images/catalog/large/110414.jpg">        <div class="article_price_container" itemprop="offers" itemscope="" itemtype="http://schema.org/Offer">            <!-- Price -->                                            <span class="article_price" itemprop="price"><span id="list_price_110414">2,36</span></span>                <span class="currency">€</span>                <script>                    formatNumber('2.36', 'list_price_110414');                </script>                        <meta itemprop="priceCurrency" content="EUR">            <div class="unit_container">                                    <a class="substract_button" title="Menos" href="javascript:void(0);">-</a>                                <label class="quantity_container">                                                                        <input class="input_quantity_product" id="item_quantity_110414" type="number" data-product="110414" value="" min="1" max="999" required="" autocomplete="off">                                                            </label>                                    <a class="add_button" title="Más" href="javascript:void(0);">+</a>                    <a class="added_tick" title="Cambiar unidades" href="javascript:void(0);"></a>                            </div>                                                <div class="article_pum">                        <span>      6,74€/Kilo</span>                    </div>                                                                            <a data-product-id="110414" class="orange_button btn_add2cart" title="Añadir al carrito" onclick="dataLayer.push({event: 'event_gtm',category:'acciones usuario', action:'a�adir producto desde listado'})" href="javascript:addToCartFromItemList('110414')">AÑADIR AL CARRITO &gt;</a>                                        <span class="added_button">En carrito</span>                                    <a class="white_button" title="Añadir a mi lista" href="javascript:addToListFromItemList('110414')" onclick="dataLayer.push({event: 'event_gtm',category:'acciones usuario', action:'a�adir producto a lista'});">Añadir a mi lista</a>                                </div>                    <a class="article_link" title="Ver ficha de SALSA GALLO NAPOLITANA 350 G" href="/SALSA-GALLO-NAPOLITANA-350-G_110414_prd_es_ES.jsp" onclick="javascript:callingTaggingEnpoints('')" itemprop="url"></a>                <div class="hover_container">            <div class="hover">                <div class="info_symbol"></div>            </div>        </div>                    </article>            </li>                    <li class="article" itemprop="itemListElement" itemscope="" itemtype="http://schema.org/Product">                    <article class="article_container" id="item_description_110403">            <a class="article_name" title="Ver ficha de SALSA GALLO PESTO ROSSO 190 G" href="/SALSA-GALLO-PESTO-ROSSO-190-G_110403_prd_es_ES.jsp" itemprop="url"><span itemprop="name" id="description_text">SALSA GALLO PESTO ROSSO 190 G</span></a>            <!--informacion de gluten y calorias -->        <div class="info_container">                            <span class="calories">362 <span>kcal</span></span>                <a class="info" title="Producto con 362 kilocalorías" href="javascript:void(0);">                    <span class="info_text">Producto con 362 kilocalorías.</span>                </a>                                                            <img class="info_icon" alt="10% Descuento para suscriptores Condisline Prime" src="//static.condisline.com/resize_39x39/images/product_icons/icon_subscription.png" width="39" height="39">                                            <a class="info" title="10% Descuento para suscriptores Condisline Prime" href="javascript:void(0);">                            <span class="info_text">10% Descuento para suscriptores Condisline Prime</span>                        </a>                                                        <img class="info_icon" alt="Producto sin gluten" src="//static.condisline.com/resize_39x39/images/product_icons/no_gluten.png" width="39" height="39">                                            <a class="info" title="Producto sin gluten" href="javascript:void(0);">                            <span class="info_text">Producto sin gluten</span>                        </a>                                                        </div>        <img class="article_image" alt="SALSA GALLO PESTO ROSSO 190 G" data-original="//static.condisline.com/resize_190x200/images/catalog/large/110403.jpg" src="//static.condisline.com/resize_190x200/images/catalog/large/110403.jpg" width="190" height="200" style="display: block;">        <meta itemprop="image" content="//static.condisline.com/resize_190x200/images/catalog/large/110403.jpg">        <div class="article_price_container" itemprop="offers" itemscope="" itemtype="http://schema.org/Offer">            <!-- Price -->                                            <span class="article_price" itemprop="price"><span id="list_price_110403">2,53</span></span>                <span class="currency">€</span>                <script>                    formatNumber('2.53', 'list_price_110403');                </script>                        <meta itemprop="priceCurrency" content="EUR">            <div class="unit_container">                                    <a class="substract_button" title="Menos" href="javascript:void(0);">-</a>                                <label class="quantity_container">                                                                        <input class="input_quantity_product" id="item_quantity_110403" type="number" data-product="110403" value="" min="1" max="999" required="" autocomplete="off">                                                            </label>                                    <a class="add_button" title="Más" href="javascript:void(0);">+</a>                    <a class="added_tick" title="Cambiar unidades" href="javascript:void(0);"></a>                            </div>                                                <div class="article_pum">                        <span>     13,32€/Kilo</span>                    </div>                                                                            <a data-product-id="110403" class="orange_button btn_add2cart" title="Añadir al carrito" onclick="dataLayer.push({event: 'event_gtm',category:'acciones usuario', action:'a�adir producto desde listado'})" href="javascript:addToCartFromItemList('110403')">AÑADIR AL CARRITO &gt;</a>                                        <span class="added_button">En carrito</span>                                    <a class="white_button" title="Añadir a mi lista" href="javascript:addToListFromItemList('110403')" onclick="dataLayer.push({event: 'event_gtm',category:'acciones usuario', action:'a�adir producto a lista'});">Añadir a mi lista</a>                                </div>                    <a class="article_link" title="Ver ficha de SALSA GALLO PESTO ROSSO 190 G" href="/SALSA-GALLO-PESTO-ROSSO-190-G_110403_prd_es_ES.jsp" onclick="javascript:callingTaggingEnpoints('')" itemprop="url"></a>                <div class="hover_container">            <div class="hover">                <div class="info_symbol"></div>            </div>        </div>                    </article>            </li>                    <li class="article" itemprop="itemListElement" itemscope="" itemtype="http://schema.org/Product">                    <article class="article_container" id="item_description_524072">            <a class="article_name" title="Ver ficha de TOMATE NATURAL CIRIO ESPECIAL PASTA 700 G" href="/TOMATE-NATURAL-CIRIO-ESPECIAL-PASTA-700-G_524072_prd_es_ES.jsp" itemprop="url"><span itemprop="name" id="description_text">TOMATE NATURAL CIRIO ESPECIAL PASTA 700 G</span></a>            <!--informacion de gluten y calorias -->        <div class="info_container">                            <span class="calories">35 <span>kcal</span></span>                <a class="info" title="Producto con 35 kilocalorías" href="javascript:void(0);">                    <span class="info_text">Producto con 35 kilocalorías.</span>                </a>                                                            <img class="info_icon" alt="10% Descuento para suscriptores Condisline Prime" src="//static.condisline.com/resize_39x39/images/product_icons/icon_subscription.png" width="39" height="39">                                            <a class="info" title="10% Descuento para suscriptores Condisline Prime" href="javascript:void(0);">                            <span class="info_text">10% Descuento para suscriptores Condisline Prime</span>                        </a>                                                        </div>        <img class="article_image" alt="TOMATE NATURAL CIRIO ESPECIAL PASTA 700 G" data-original="//static.condisline.com/resize_190x200/images/catalog/large/524072.jpg" src="//static.condisline.com/resize_190x200/images/catalog/large/524072.jpg" width="190" height="200" style="display: block;">        <meta itemprop="image" content="//static.condisline.com/resize_190x200/images/catalog/large/524072.jpg">        <div class="article_price_container" itemprop="offers" itemscope="" itemtype="http://schema.org/Offer">            <!-- Price -->                                            <span class="article_price" itemprop="price"><span id="list_price_524072">3,19</span></span>                <span class="currency">€</span>                <script>                    formatNumber('3.19', 'list_price_524072');                </script>                        <meta itemprop="priceCurrency" content="EUR">            <div class="unit_container">                                    <a class="substract_button" title="Menos" href="javascript:void(0);">-</a>                                <label class="quantity_container">                                                                        <input class="input_quantity_product" id="item_quantity_524072" type="number" data-product="524072" value="" min="1" max="999" required="" autocomplete="off">                                                            </label>                                    <a class="add_button" title="Más" href="javascript:void(0);">+</a>                    <a class="added_tick" title="Cambiar unidades" href="javascript:void(0);"></a>                            </div>                                                <div class="article_pum">                        <span>      4,56€/Kilo</span>                    </div>                                                                            <a data-product-id="524072" class="orange_button btn_add2cart" title="Añadir al carrito" onclick="dataLayer.push({event: 'event_gtm',category:'acciones usuario', action:'a�adir producto desde listado'})" href="javascript:addToCartFromItemList('524072')">AÑADIR AL CARRITO &gt;</a>                                        <span class="added_button">En carrito</span>                                    <a class="white_button" title="Añadir a mi lista" href="javascript:addToListFromItemList('524072')" onclick="dataLayer.push({event: 'event_gtm',category:'acciones usuario', action:'a�adir producto a lista'});">Añadir a mi lista</a>                                </div>                    <a class="article_link" title="Ver ficha de TOMATE NATURAL CIRIO ESPECIAL PASTA 700 G" href="/TOMATE-NATURAL-CIRIO-ESPECIAL-PASTA-700-G_524072_prd_es_ES.jsp" onclick="javascript:callingTaggingEnpoints('')" itemprop="url"></a>                <div class="hover_container">            <div class="hover">                <div class="info_symbol"></div>            </div>        </div>                    </article>            </li>                    <li class="article" itemprop="itemListElement" itemscope="" itemtype="http://schema.org/Product">                    <article class="article_container" id="item_description_170349">            <a class="article_name" title="Ver ficha de ALL I OLI BO DE DEBÒ  190 G" href="/ALL-I-OLI-BO-DE-DEBO-190-G_170349_prd_es_ES.jsp" itemprop="url"><span itemprop="name" id="description_text">ALL I OLI BO DE DEBÒ  190 G</span></a>            <!--informacion de gluten y calorias -->        <div class="info_container">                            <span class="calories">769 <span>kcal</span></span>                <a class="info" title="Producto con 769 kilocalorías" href="javascript:void(0);">                    <span class="info_text">Producto con 769 kilocalorías.</span>                </a>                                                            <img class="info_icon" alt="10% Descuento para suscriptores Condisline Prime" src="//static.condisline.com/resize_39x39/images/product_icons/icon_subscription.png" width="39" height="39">                                            <a class="info" title="10% Descuento para suscriptores Condisline Prime" href="javascript:void(0);">                            <span class="info_text">10% Descuento para suscriptores Condisline Prime</span>                        </a>                                                        </div>        <img class="article_image" alt="ALL I OLI BO DE DEBÒ  190 G" data-original="//static.condisline.com/resize_190x200/images/catalog/large/170349.jpg" src="//static.condisline.com/resize_190x200/images/catalog/large/170349.jpg" width="190" height="200" style="display: block;">        <meta itemprop="image" content="//static.condisline.com/resize_190x200/images/catalog/large/170349.jpg">        <div class="article_price_container" itemprop="offers" itemscope="" itemtype="http://schema.org/Offer">            <!-- Price -->                                            <span class="article_price" itemprop="price"><span id="list_price_170349">2,25</span></span>                <span class="currency">€</span>                <script>                    formatNumber('2.25', 'list_price_170349');                </script>                        <meta itemprop="priceCurrency" content="EUR">            <div class="unit_container">                                    <a class="substract_button" title="Menos" href="javascript:void(0);">-</a>                                <label class="quantity_container">                                                                        <input class="input_quantity_product" id="item_quantity_170349" type="number" data-product="170349" value="" min="1" max="999" required="" autocomplete="off">                                                            </label>                                    <a class="add_button" title="Más" href="javascript:void(0);">+</a>                    <a class="added_tick" title="Cambiar unidades" href="javascript:void(0);"></a>                            </div>                                                <div class="article_pum">                        <span>     11,84€/Kilo</span>                    </div>                                                                            <a data-product-id="170349" class="orange_button btn_add2cart" title="Añadir al carrito" onclick="dataLayer.push({event: 'event_gtm',category:'acciones usuario', action:'a�adir producto desde listado'})" href="javascript:addToCartFromItemList('170349')">AÑADIR AL CARRITO &gt;</a>                                        <span class="added_button">En carrito</span>                                    <a class="white_button" title="Añadir a mi lista" href="javascript:addToListFromItemList('170349')" onclick="dataLayer.push({event: 'event_gtm',category:'acciones usuario', action:'a�adir producto a lista'});">Añadir a mi lista</a>                                </div>                    <a class="article_link" title="Ver ficha de ALL I OLI BO DE DEBÒ  190 G" href="/ALL-I-OLI-BO-DE-DEBO-190-G_170349_prd_es_ES.jsp" onclick="javascript:callingTaggingEnpoints('')" itemprop="url"></a>                <div class="hover_container">            <div class="hover">                <div class="info_symbol"></div>            </div>        </div>                    </article>            </li>                    <li class="article" itemprop="itemListElement" itemscope="" itemtype="http://schema.org/Product">                    <article class="article_container" id="item_description_110391">            <a class="article_name" title="Ver ficha de KÉTCHUP CONDIS PET 560 G" href="/KETCHUP-CONDIS-PET-560-G_110391_prd_es_ES.jsp" itemprop="url"><span itemprop="name" id="description_text">KÉTCHUP CONDIS PET 560 G</span></a>            <!--informacion de gluten y calorias -->        <div class="info_container">                            <span class="calories">104 <span>kcal</span></span>                <a class="info" title="Producto con 104 kilocalorías" href="javascript:void(0);">                    <span class="info_text">Producto con 104 kilocalorías.</span>                </a>                                                            <img class="info_icon" alt="10% Descuento para suscriptores Condisline Prime" src="//static.condisline.com/resize_39x39/images/product_icons/icon_subscription.png" width="39" height="39">                                            <a class="info" title="10% Descuento para suscriptores Condisline Prime" href="javascript:void(0);">                            <span class="info_text">10% Descuento para suscriptores Condisline Prime</span>                        </a>                                                        <img class="info_icon" alt="Producto sin gluten" src="//static.condisline.com/resize_39x39/images/product_icons/no_gluten.png" width="39" height="39">                                            <a class="info" title="Producto sin gluten" href="javascript:void(0);">                            <span class="info_text">Producto sin gluten</span>                        </a>                                                        <img class="info_icon" alt="Marca propia" src="//static.condisline.com/resize_39x39/images/product_icons/marca_propia.png" width="39" height="39">                                            <a class="info" title="Marca propia" href="javascript:void(0);">                            <span class="info_text">Marca propia</span>                        </a>                                                        </div>        <img class="article_image" alt="KÉTCHUP CONDIS PET 560 G" data-original="//static.condisline.com/resize_190x200/images/catalog/large/110391.jpg" src="//static.condisline.com/resize_190x200/images/catalog/large/110391.jpg" width="190" height="200" style="display: block;">        <meta itemprop="image" content="//static.condisline.com/resize_190x200/images/catalog/large/110391.jpg">        <div class="article_price_container" itemprop="offers" itemscope="" itemtype="http://schema.org/Offer">            <!-- Price -->                                            <span class="article_price" itemprop="price"><span id="list_price_110391">1,15</span></span>                <span class="currency">€</span>                <script>                    formatNumber('1.15', 'list_price_110391');                </script>                        <meta itemprop="priceCurrency" content="EUR">            <div class="unit_container">                                    <a class="substract_button" title="Menos" href="javascript:void(0);">-</a>                                <label class="quantity_container">                                                                        <input class="input_quantity_product" id="item_quantity_110391" type="number" data-product="110391" value="" min="1" max="999" required="" autocomplete="off">                                                            </label>                                    <a class="add_button" title="Más" href="javascript:void(0);">+</a>                    <a class="added_tick" title="Cambiar unidades" href="javascript:void(0);"></a>                            </div>                                                <div class="article_pum">                        <span>      2,05€/Kilo</span>                    </div>                                                                            <a data-product-id="110391" class="orange_button btn_add2cart" title="Añadir al carrito" onclick="dataLayer.push({event: 'event_gtm',category:'acciones usuario', action:'a�adir producto desde listado'})" href="javascript:addToCartFromItemList('110391')">AÑADIR AL CARRITO &gt;</a>                                        <span class="added_button">En carrito</span>                                    <a class="white_button" title="Añadir a mi lista" href="javascript:addToListFromItemList('110391')" onclick="dataLayer.push({event: 'event_gtm',category:'acciones usuario', action:'a�adir producto a lista'});">Añadir a mi lista</a>                                </div>                    <a class="article_link" title="Ver ficha de KÉTCHUP CONDIS PET 560 G" href="/KETCHUP-CONDIS-PET-560-G_110391_prd_es_ES.jsp" onclick="javascript:callingTaggingEnpoints('')" itemprop="url"></a>                <div class="hover_container">            <div class="hover">                <div class="info_symbol"></div>            </div>        </div>                    </article>            </li>                    <li class="article" itemprop="itemListElement" itemscope="" itemtype="http://schema.org/Product">                    <article class="article_container" id="item_description_519001">            <a class="article_name" title="Ver ficha de SALSA FERRER &quot;ALL I OLI&quot; 130 G" href="/SALSA-FERRER-ALL-I-OLI-130-G_519001_prd_es_ES.jsp" itemprop="url"><span itemprop="name" id="description_text">SALSA FERRER "ALL I OLI" 130 G</span></a>            <!--informacion de gluten y calorias -->        <div class="info_container">                            <span class="calories">682 <span>kcal</span></span>                <a class="info" title="Producto con 682 kilocalorías" href="javascript:void(0);">                    <span class="info_text">Producto con 682 kilocalorías.</span>                </a>                                                            <img class="info_icon" alt="10% Descuento para suscriptores Condisline Prime" src="//static.condisline.com/resize_39x39/images/product_icons/icon_subscription.png" width="39" height="39">                                            <a class="info" title="10% Descuento para suscriptores Condisline Prime" href="javascript:void(0);">                            <span class="info_text">10% Descuento para suscriptores Condisline Prime</span>                        </a>                                                        </div>        <img class="article_image" alt="SALSA FERRER &quot;ALL I OLI&quot; 130 G" data-original="//static.condisline.com/resize_190x200/images/catalog/large/519001.jpg" src="//static.condisline.com/resize_190x200/images/catalog/large/519001.jpg" width="190" height="200" style="display: block;">        <meta itemprop="image" content="//static.condisline.com/resize_190x200/images/catalog/large/519001.jpg">        <div class="article_price_container" itemprop="offers" itemscope="" itemtype="http://schema.org/Offer">            <!-- Price -->                                            <span class="article_price" itemprop="price"><span id="list_price_519001">1,89</span></span>                <span class="currency">€</span>                <script>                    formatNumber('1.89', 'list_price_519001');                </script>                        <meta itemprop="priceCurrency" content="EUR">            <div class="unit_container">                                    <a class="substract_button" title="Menos" href="javascript:void(0);">-</a>                                <label class="quantity_container">                                                                        <input class="input_quantity_product" id="item_quantity_519001" type="number" data-product="519001" value="" min="1" max="999" required="" autocomplete="off">                                                            </label>                                    <a class="add_button" title="Más" href="javascript:void(0);">+</a>                    <a class="added_tick" title="Cambiar unidades" href="javascript:void(0);"></a>                            </div>                                                <div class="article_pum">                        <span>     14,54€/Kilo</span>                    </div>                                                                            <a data-product-id="519001" class="orange_button btn_add2cart" title="Añadir al carrito" onclick="dataLayer.push({event: 'event_gtm',category:'acciones usuario', action:'a�adir producto desde listado'})" href="javascript:addToCartFromItemList('519001')">AÑADIR AL CARRITO &gt;</a>                                        <span class="added_button">En carrito</span>                                    <a class="white_button" title="Añadir a mi lista" href="javascript:addToListFromItemList('519001')" onclick="dataLayer.push({event: 'event_gtm',category:'acciones usuario', action:'a�adir producto a lista'});">Añadir a mi lista</a>                                </div>                    <a class="article_link" title="Ver ficha de SALSA FERRER &quot;ALL I OLI&quot; 130 G" href="/SALSA-FERRER-ALL-I-OLI-130-G_519001_prd_es_ES.jsp" onclick="javascript:callingTaggingEnpoints('')" itemprop="url"></a>                <div class="hover_container">            <div class="hover">                <div class="info_symbol"></div>            </div>        </div>                    </article>            </li>                    <li class="article" itemprop="itemListElement" itemscope="" itemtype="http://schema.org/Product">                    <article class="article_container" id="item_description_524096">            <a class="article_name" title="Ver ficha de TOMATE SOLIS FRITO CASERO 550 G" href="/TOMATE-SOLIS-FRITO-CASERO-550-G_524096_prd_es_ES.jsp" itemprop="url"><span itemprop="name" id="description_text">TOMATE SOLIS FRITO CASERO 550 G</span></a>            <!--informacion de gluten y calorias -->        <div class="info_container">                            <span class="calories">102 <span>kcal</span></span>                <a class="info" title="Producto con 102 kilocalorías" href="javascript:void(0);">                    <span class="info_text">Producto con 102 kilocalorías.</span>                </a>                                                            <img class="info_icon" alt="10% Descuento para suscriptores Condisline Prime" src="//static.condisline.com/resize_39x39/images/product_icons/icon_subscription.png" width="39" height="39">                                            <a class="info" title="10% Descuento para suscriptores Condisline Prime" href="javascript:void(0);">                            <span class="info_text">10% Descuento para suscriptores Condisline Prime</span>                        </a>                                                        </div>        <img class="article_image" alt="TOMATE SOLIS FRITO CASERO 550 G" data-original="//static.condisline.com/resize_190x200/images/catalog/large/524096.jpg" src="//static.condisline.com/resize_190x200/images/catalog/large/524096.jpg" width="190" height="200" style="display: block;">        <meta itemprop="image" content="//static.condisline.com/resize_190x200/images/catalog/large/524096.jpg">        <div class="article_price_container" itemprop="offers" itemscope="" itemtype="http://schema.org/Offer">            <!-- Price -->                                            <span class="article_price" itemprop="price"><span id="list_price_524096">2,49</span></span>                <span class="currency">€</span>                <script>                    formatNumber('2.49', 'list_price_524096');                </script>                        <meta itemprop="priceCurrency" content="EUR">            <div class="unit_container">                                    <a class="substract_button" title="Menos" href="javascript:void(0);">-</a>                                <label class="quantity_container">                                                                        <input class="input_quantity_product" id="item_quantity_524096" type="number" data-product="524096" value="" min="1" max="999" required="" autocomplete="off">                                                            </label>                                    <a class="add_button" title="Más" href="javascript:void(0);">+</a>                    <a class="added_tick" title="Cambiar unidades" href="javascript:void(0);"></a>                            </div>                                                <div class="article_pum">                        <span>      4,53€/Kilo</span>                    </div>                                                                            <a data-product-id="524096" class="orange_button btn_add2cart" title="Añadir al carrito" onclick="dataLayer.push({event: 'event_gtm',category:'acciones usuario', action:'a�adir producto desde listado'})" href="javascript:addToCartFromItemList('524096')">AÑADIR AL CARRITO &gt;</a>                                        <span class="added_button">En carrito</span>                                    <a class="white_button" title="Añadir a mi lista" href="javascript:addToListFromItemList('524096')" onclick="dataLayer.push({event: 'event_gtm',category:'acciones usuario', action:'a�adir producto a lista'});">Añadir a mi lista</a>                                </div>                    <a class="article_link" title="Ver ficha de TOMATE SOLIS FRITO CASERO 550 G" href="/TOMATE-SOLIS-FRITO-CASERO-550-G_524096_prd_es_ES.jsp" onclick="javascript:callingTaggingEnpoints('')" itemprop="url"></a>                <div class="hover_container">            <div class="hover">                <div class="info_symbol"></div>            </div>        </div>                    </article>            </li>                    <li class="article" itemprop="itemListElement" itemscope="" itemtype="http://schema.org/Product">                    <article class="article_container" id="item_description_124374">            <a class="article_name" title="Ver ficha de CANELA CONDIS MOLIDA 40 G" href="/CANELA-CONDIS-MOLIDA-40-G_124374_prd_es_ES.jsp" itemprop="url"><span itemprop="name" id="description_text">CANELA CONDIS MOLIDA 40 G</span></a>            <!--informacion de gluten y calorias -->        <div class="info_container">                                                            <img class="info_icon" alt="10% Descuento para suscriptores Condisline Prime" src="//static.condisline.com/resize_39x39/images/product_icons/icon_subscription.png" width="39" height="39">                                            <a class="info" title="10% Descuento para suscriptores Condisline Prime" href="javascript:void(0);">                            <span class="info_text">10% Descuento para suscriptores Condisline Prime</span>                        </a>                                                        <img class="info_icon" alt="Marca propia" src="//static.condisline.com/resize_39x39/images/product_icons/marca_propia.png" width="39" height="39">                                            <a class="info" title="Marca propia" href="javascript:void(0);">                            <span class="info_text">Marca propia</span>                        </a>                                                        </div>        <img class="article_image" alt="CANELA CONDIS MOLIDA 40 G" data-original="//static.condisline.com/resize_190x200/images/catalog/large/124374.jpg" src="//static.condisline.com/resize_190x200/images/catalog/large/124374.jpg" width="190" height="200" style="display: block;">        <meta itemprop="image" content="//static.condisline.com/resize_190x200/images/catalog/large/124374.jpg">        <div class="article_price_container" itemprop="offers" itemscope="" itemtype="http://schema.org/Offer">            <!-- Price -->                                            <span class="article_price" itemprop="price"><span id="list_price_124374">0,79</span></span>                <span class="currency">€</span>                <script>                    formatNumber('0.79', 'list_price_124374');                </script>                        <meta itemprop="priceCurrency" content="EUR">            <div class="unit_container">                                    <a class="substract_button" title="Menos" href="javascript:void(0);">-</a>                                <label class="quantity_container">                                                                        <input class="input_quantity_product" id="item_quantity_124374" type="number" data-product="124374" value="" min="1" max="999" required="" autocomplete="off">                                                            </label>                                    <a class="add_button" title="Más" href="javascript:void(0);">+</a>                    <a class="added_tick" title="Cambiar unidades" href="javascript:void(0);"></a>                            </div>                                                <div class="article_pum">                        <span>     19,75€/Kilo</span>                    </div>                                                                            <a data-product-id="124374" class="orange_button btn_add2cart" title="Añadir al carrito" onclick="dataLayer.push({event: 'event_gtm',category:'acciones usuario', action:'a�adir producto desde listado'})" href="javascript:addToCartFromItemList('124374')">AÑADIR AL CARRITO &gt;</a>                                        <span class="added_button">En carrito</span>                                    <a class="white_button" title="Añadir a mi lista" href="javascript:addToListFromItemList('124374')" onclick="dataLayer.push({event: 'event_gtm',category:'acciones usuario', action:'a�adir producto a lista'});">Añadir a mi lista</a>                                </div>                    <a class="article_link" title="Ver ficha de CANELA CONDIS MOLIDA 40 G" href="/CANELA-CONDIS-MOLIDA-40-G_124374_prd_es_ES.jsp" onclick="javascript:callingTaggingEnpoints('')" itemprop="url"></a>                <div class="hover_container">            <div class="hover">                <div class="info_symbol"></div>            </div>        </div>                    </article>            </li>                    <li class="article" itemprop="itemListElement" itemscope="" itemtype="http://schema.org/Product">                    <article class="article_container" id="item_description_124177">            <a class="article_name" title="Ver ficha de PIMIENTA CONDIS NEGRA EN GRANO 45 G" href="/PIMIENTA-CONDIS-NEGRA-EN-GRANO-45-G_124177_prd_es_ES.jsp" itemprop="url"><span itemprop="name" id="description_text">PIMIENTA CONDIS NEGRA EN GRANO 45 G</span></a>            <!--informacion de gluten y calorias -->        <div class="info_container">                                                            <img class="info_icon" alt="10% Descuento para suscriptores Condisline Prime" src="//static.condisline.com/resize_39x39/images/product_icons/icon_subscription.png" width="39" height="39">                                            <a class="info" title="10% Descuento para suscriptores Condisline Prime" href="javascript:void(0);">                            <span class="info_text">10% Descuento para suscriptores Condisline Prime</span>                        </a>                                                        <img class="info_icon" alt="Producto sin gluten" src="//static.condisline.com/resize_39x39/images/product_icons/no_gluten.png" width="39" height="39">                                            <a class="info" title="Producto sin gluten" href="javascript:void(0);">                            <span class="info_text">Producto sin gluten</span>                        </a>                                                        <img class="info_icon" alt="Marca propia" src="//static.condisline.com/resize_39x39/images/product_icons/marca_propia.png" width="39" height="39">                                            <a class="info" title="Marca propia" href="javascript:void(0);">                            <span class="info_text">Marca propia</span>                        </a>                                                        </div>        <img class="article_image" alt="PIMIENTA CONDIS NEGRA EN GRANO 45 G" data-original="//static.condisline.com/resize_190x200/images/catalog/large/124177.jpg" src="//static.condisline.com/resize_190x200/images/catalog/large/124177.jpg" width="190" height="200" style="display: block;">        <meta itemprop="image" content="//static.condisline.com/resize_190x200/images/catalog/large/124177.jpg">        <div class="article_price_container" itemprop="offers" itemscope="" itemtype="http://schema.org/Offer">            <!-- Price -->                                            <span class="article_price" itemprop="price"><span id="list_price_124177">1,05</span></span>                <span class="currency">€</span>                <script>                    formatNumber('1.05', 'list_price_124177');                </script>                        <meta itemprop="priceCurrency" content="EUR">            <div class="unit_container">                                    <a class="substract_button" title="Menos" href="javascript:void(0);">-</a>                                <label class="quantity_container">                                                                        <input class="input_quantity_product" id="item_quantity_124177" type="number" data-product="124177" value="" min="1" max="999" required="" autocomplete="off">                                                            </label>                                    <a class="add_button" title="Más" href="javascript:void(0);">+</a>                    <a class="added_tick" title="Cambiar unidades" href="javascript:void(0);"></a>                            </div>                                                <div class="article_pum">                        <span>     23,33€/Kilo</span>                    </div>                                                                            <a data-product-id="124177" class="orange_button btn_add2cart" title="Añadir al carrito" onclick="dataLayer.push({event: 'event_gtm',category:'acciones usuario', action:'a�adir producto desde listado'})" href="javascript:addToCartFromItemList('124177')">AÑADIR AL CARRITO &gt;</a>                                        <span class="added_button">En carrito</span>                                    <a class="white_button" title="Añadir a mi lista" href="javascript:addToListFromItemList('124177')" onclick="dataLayer.push({event: 'event_gtm',category:'acciones usuario', action:'a�adir producto a lista'});">Añadir a mi lista</a>                                </div>                    <a class="article_link" title="Ver ficha de PIMIENTA CONDIS NEGRA EN GRANO 45 G" href="/PIMIENTA-CONDIS-NEGRA-EN-GRANO-45-G_124177_prd_es_ES.jsp" onclick="javascript:callingTaggingEnpoints('')" itemprop="url"></a>                <div class="hover_container">            <div class="hover">                <div class="info_symbol"></div>            </div>        </div>                    </article>            </li>                    <li class="article" itemprop="itemListElement" itemscope="" itemtype="http://schema.org/Product">                    <article class="article_container" id="item_description_110273">            <a class="article_name" title="Ver ficha de SALSA KIKKOMAN SOJA 250 ML" href="/SALSA-KIKKOMAN-SOJA-250-ML_110273_prd_es_ES.jsp" itemprop="url"><span itemprop="name" id="description_text">SALSA KIKKOMAN SOJA 250 ML</span></a>            <!--informacion de gluten y calorias -->        <div class="info_container">                            <span class="calories">77 <span>kcal</span></span>                <a class="info" title="Producto con 77 kilocalorías" href="javascript:void(0);">                    <span class="info_text">Producto con 77 kilocalorías.</span>                </a>                                                            <img class="info_icon" alt="10% Descuento para suscriptores Condisline Prime" src="//static.condisline.com/resize_39x39/images/product_icons/icon_subscription.png" width="39" height="39">                                            <a class="info" title="10% Descuento para suscriptores Condisline Prime" href="javascript:void(0);">                            <span class="info_text">10% Descuento para suscriptores Condisline Prime</span>                        </a>                                                        </div>        <img class="article_image" alt="SALSA KIKKOMAN SOJA 250 ML" data-original="//static.condisline.com/resize_190x200/images/catalog/large/110273.jpg" src="//static.condisline.com/resize_190x200/images/catalog/large/110273.jpg" width="190" height="200" style="display: block;">        <meta itemprop="image" content="//static.condisline.com/resize_190x200/images/catalog/large/110273.jpg">        <div class="article_price_container" itemprop="offers" itemscope="" itemtype="http://schema.org/Offer">            <!-- Price -->                                            <span class="article_price" itemprop="price"><span id="list_price_110273">4,69</span></span>                <span class="currency">€</span>                <script>                    formatNumber('4.69', 'list_price_110273');                </script>                        <meta itemprop="priceCurrency" content="EUR">            <div class="unit_container">                                    <a class="substract_button" title="Menos" href="javascript:void(0);">-</a>                                <label class="quantity_container">                                                                        <input class="input_quantity_product" id="item_quantity_110273" type="number" data-product="110273" value="" min="1" max="999" required="" autocomplete="off">                                                            </label>                                    <a class="add_button" title="Más" href="javascript:void(0);">+</a>                    <a class="added_tick" title="Cambiar unidades" href="javascript:void(0);"></a>                            </div>                                                <div class="article_pum">                        <span>     18,76€/Litro</span>                    </div>                                                                            <a data-product-id="110273" class="orange_button btn_add2cart" title="Añadir al carrito" onclick="dataLayer.push({event: 'event_gtm',category:'acciones usuario', action:'a�adir producto desde listado'})" href="javascript:addToCartFromItemList('110273')">AÑADIR AL CARRITO &gt;</a>                                        <span class="added_button">En carrito</span>                                    <a class="white_button" title="Añadir a mi lista" href="javascript:addToListFromItemList('110273')" onclick="dataLayer.push({event: 'event_gtm',category:'acciones usuario', action:'a�adir producto a lista'});">Añadir a mi lista</a>                                </div>                    <a class="article_link" title="Ver ficha de SALSA KIKKOMAN SOJA 250 ML" href="/SALSA-KIKKOMAN-SOJA-250-ML_110273_prd_es_ES.jsp" onclick="javascript:callingTaggingEnpoints('')" itemprop="url"></a>                <div class="hover_container">            <div class="hover">                <div class="info_symbol"></div>            </div>        </div>                    </article>            </li>                    <li class="article" itemprop="itemListElement" itemscope="" itemtype="http://schema.org/Product">                    <article class="article_container" id="item_description_110015">            <a class="article_name" title="Ver ficha de MOSTAZA MAILLE DIJON ORIGINAL 215 G" href="/MOSTAZA-MAILLE-DIJON-ORIGINAL-215-G_110015_prd_es_ES.jsp" itemprop="url"><span itemprop="name" id="description_text">MOSTAZA MAILLE DIJON ORIGINAL 215 G</span></a>            <!--informacion de gluten y calorias -->        <div class="info_container">                            <span class="calories">150 <span>kcal</span></span>                <a class="info" title="Producto con 150 kilocalorías" href="javascript:void(0);">                    <span class="info_text">Producto con 150 kilocalorías.</span>                </a>                                                            <img class="info_icon" alt="10% Descuento para suscriptores Condisline Prime" src="//static.condisline.com/resize_39x39/images/product_icons/icon_subscription.png" width="39" height="39">                                            <a class="info" title="10% Descuento para suscriptores Condisline Prime" href="javascript:void(0);">                            <span class="info_text">10% Descuento para suscriptores Condisline Prime</span>                        </a>                                                        </div>        <img class="article_image" alt="MOSTAZA MAILLE DIJON ORIGINAL 215 G" data-original="//static.condisline.com/resize_190x200/images/catalog/large/110015.jpg" src="//static.condisline.com/resize_190x200/images/catalog/large/110015.jpg" width="190" height="200" style="display: block;">        <meta itemprop="image" content="//static.condisline.com/resize_190x200/images/catalog/large/110015.jpg">        <div class="article_price_container" itemprop="offers" itemscope="" itemtype="http://schema.org/Offer">            <!-- Price -->                                            <span class="article_price" itemprop="price"><span id="list_price_110015">3,59</span></span>                <span class="currency">€</span>                <script>                    formatNumber('3.59', 'list_price_110015');                </script>                        <meta itemprop="priceCurrency" content="EUR">            <div class="unit_container">                                    <a class="substract_button" title="Menos" href="javascript:void(0);">-</a>                                <label class="quantity_container">                                                                        <input class="input_quantity_product" id="item_quantity_110015" type="number" data-product="110015" value="" min="1" max="999" required="" autocomplete="off">                                                            </label>                                    <a class="add_button" title="Más" href="javascript:void(0);">+</a>                    <a class="added_tick" title="Cambiar unidades" href="javascript:void(0);"></a>                            </div>                                                <div class="article_pum">                        <span>     16,70€/Kilo</span>                    </div>                                                                            <a data-product-id="110015" class="orange_button btn_add2cart" title="Añadir al carrito" onclick="dataLayer.push({event: 'event_gtm',category:'acciones usuario', action:'a�adir producto desde listado'})" href="javascript:addToCartFromItemList('110015')">AÑADIR AL CARRITO &gt;</a>                                        <span class="added_button">En carrito</span>                                    <a class="white_button" title="Añadir a mi lista" href="javascript:addToListFromItemList('110015')" onclick="dataLayer.push({event: 'event_gtm',category:'acciones usuario', action:'a�adir producto a lista'});">Añadir a mi lista</a>                                </div>                    <a class="article_link" title="Ver ficha de MOSTAZA MAILLE DIJON ORIGINAL 215 G" href="/MOSTAZA-MAILLE-DIJON-ORIGINAL-215-G_110015_prd_es_ES.jsp" onclick="javascript:callingTaggingEnpoints('')" itemprop="url"></a>                <div class="hover_container">            <div class="hover">                <div class="info_symbol"></div>            </div>        </div>                    </article>            </li>                    <li class="article" itemprop="itemListElement" itemscope="" itemtype="http://schema.org/Product">                    <article class="article_container" id="item_description_122078">            <a class="article_name" title="Ver ficha de TOMATE CONDIS ECO FRITO 340 G" href="/TOMATE-CONDIS-ECO-FRITO-340-G_122078_prd_es_ES.jsp" itemprop="url"><span itemprop="name" id="description_text">TOMATE CONDIS ECO FRITO 340 G</span></a>            <!--informacion de gluten y calorias -->        <div class="info_container">                            <span class="calories">59 <span>kcal</span></span>                <a class="info" title="Producto con 59 kilocalorías" href="javascript:void(0);">                    <span class="info_text">Producto con 59 kilocalorías.</span>                </a>                                                            <img class="info_icon" alt="10% Descuento para suscriptores Condisline Prime" src="//static.condisline.com/resize_39x39/images/product_icons/icon_subscription.png" width="39" height="39">                                            <a class="info" title="10% Descuento para suscriptores Condisline Prime" href="javascript:void(0);">                            <span class="info_text">10% Descuento para suscriptores Condisline Prime</span>                        </a>                                                        <img class="info_icon" alt="Producto sin gluten" src="//static.condisline.com/resize_39x39/images/product_icons/no_gluten.png" width="39" height="39">                                            <a class="info" title="Producto sin gluten" href="javascript:void(0);">                            <span class="info_text">Producto sin gluten</span>                        </a>                                                        <img class="info_icon" alt="Producto ecológico" src="//static.condisline.com/resize_39x39/images/product_icons/icon_eco.jpg" width="39" height="39">                                            <a class="info" title="Producto ecológico" href="javascript:void(0);">                            <span class="info_text">Producto ecológico</span>                        </a>                                                        <img class="info_icon" alt="Marca propia" src="//static.condisline.com/resize_39x39/images/product_icons/marca_propia.png" width="39" height="39">                                            <a class="info" title="Marca propia" href="javascript:void(0);">                            <span class="info_text">Marca propia</span>                        </a>                                                        </div>        <img class="article_image" alt="TOMATE CONDIS ECO FRITO 340 G" data-original="//static.condisline.com/resize_190x200/images/catalog/large/122078.jpg" src="//static.condisline.com/resize_190x200/images/catalog/large/122078.jpg" width="190" height="200" style="display: block;">        <meta itemprop="image" content="//static.condisline.com/resize_190x200/images/catalog/large/122078.jpg">        <div class="article_price_container" itemprop="offers" itemscope="" itemtype="http://schema.org/Offer">            <!-- Price -->                                            <span class="article_price" itemprop="price"><span id="list_price_122078">2,25</span></span>                <span class="currency">€</span>                <script>                    formatNumber('2.25', 'list_price_122078');                </script>                        <meta itemprop="priceCurrency" content="EUR">            <div class="unit_container">                                    <a class="substract_button" title="Menos" href="javascript:void(0);">-</a>                                <label class="quantity_container">                                                                        <input class="input_quantity_product" id="item_quantity_122078" type="number" data-product="122078" value="" min="1" max="999" required="" autocomplete="off">                                                            </label>                                    <a class="add_button" title="Más" href="javascript:void(0);">+</a>                    <a class="added_tick" title="Cambiar unidades" href="javascript:void(0);"></a>                            </div>                                                <div class="article_pum">                        <span>      6,62€/Kilo</span>                    </div>                                                                            <a data-product-id="122078" class="orange_button btn_add2cart" title="Añadir al carrito" onclick="dataLayer.push({event: 'event_gtm',category:'acciones usuario', action:'a�adir producto desde listado'})" href="javascript:addToCartFromItemList('122078')">AÑADIR AL CARRITO &gt;</a>                                        <span class="added_button">En carrito</span>                                    <a class="white_button" title="Añadir a mi lista" href="javascript:addToListFromItemList('122078')" onclick="dataLayer.push({event: 'event_gtm',category:'acciones usuario', action:'a�adir producto a lista'});">Añadir a mi lista</a>                                </div>                    <a class="article_link" title="Ver ficha de TOMATE CONDIS ECO FRITO 340 G" href="/TOMATE-CONDIS-ECO-FRITO-340-G_122078_prd_es_ES.jsp" onclick="javascript:callingTaggingEnpoints('')" itemprop="url"></a>                <div class="hover_container">            <div class="hover">                <div class="info_symbol"></div>            </div>        </div>                    </article>            </li>                    <li class="article" itemprop="itemListElement" itemscope="" itemtype="http://schema.org/Product">                    <article class="article_container" id="item_description_124166">            <a class="article_name" title="Ver ficha de PEREJIL CONDIS HOJA 13 G" href="/PEREJIL-CONDIS-HOJA-13-G_124166_prd_es_ES.jsp" itemprop="url"><span itemprop="name" id="description_text">PEREJIL CONDIS HOJA 13 G</span></a>            <!--informacion de gluten y calorias -->        <div class="info_container">                                                            <img class="info_icon" alt="10% Descuento para suscriptores Condisline Prime" src="//static.condisline.com/resize_39x39/images/product_icons/icon_subscription.png" width="39" height="39">                                            <a class="info" title="10% Descuento para suscriptores Condisline Prime" href="javascript:void(0);">                            <span class="info_text">10% Descuento para suscriptores Condisline Prime</span>                        </a>                                                        <img class="info_icon" alt="Producto sin gluten" src="//static.condisline.com/resize_39x39/images/product_icons/no_gluten.png" width="39" height="39">                                            <a class="info" title="Producto sin gluten" href="javascript:void(0);">                            <span class="info_text">Producto sin gluten</span>                        </a>                                                        <img class="info_icon" alt="Marca propia" src="//static.condisline.com/resize_39x39/images/product_icons/marca_propia.png" width="39" height="39">                                            <a class="info" title="Marca propia" href="javascript:void(0);">                            <span class="info_text">Marca propia</span>                        </a>                                                        </div>        <img class="article_image" alt="PEREJIL CONDIS HOJA 13 G" data-original="//static.condisline.com/resize_190x200/images/catalog/large/124166.jpg" src="//static.condisline.com/resize_190x200/images/catalog/large/124166.jpg" width="190" height="200" style="display: block;">        <meta itemprop="image" content="//static.condisline.com/resize_190x200/images/catalog/large/124166.jpg">        <div class="article_price_container" itemprop="offers" itemscope="" itemtype="http://schema.org/Offer">            <!-- Price -->                                            <span class="article_price" itemprop="price"><span id="list_price_124166">0,85</span></span>                <span class="currency">€</span>                <script>                    formatNumber('0.85', 'list_price_124166');                </script>                        <meta itemprop="priceCurrency" content="EUR">            <div class="unit_container">                                    <a class="substract_button" title="Menos" href="javascript:void(0);">-</a>                                <label class="quantity_container">                                                                        <input class="input_quantity_product" id="item_quantity_124166" type="number" data-product="124166" value="" min="1" max="999" required="" autocomplete="off">                                                            </label>                                    <a class="add_button" title="Más" href="javascript:void(0);">+</a>                    <a class="added_tick" title="Cambiar unidades" href="javascript:void(0);"></a>                            </div>                                                <div class="article_pum">                        <span>     65,38€/Kilo</span>                    </div>                                                                            <a data-product-id="124166" class="orange_button btn_add2cart" title="Añadir al carrito" onclick="dataLayer.push({event: 'event_gtm',category:'acciones usuario', action:'a�adir producto desde listado'})" href="javascript:addToCartFromItemList('124166')">AÑADIR AL CARRITO &gt;</a>                                        <span class="added_button">En carrito</span>                                    <a class="white_button" title="Añadir a mi lista" href="javascript:addToListFromItemList('124166')" onclick="dataLayer.push({event: 'event_gtm',category:'acciones usuario', action:'a�adir producto a lista'});">Añadir a mi lista</a>                                </div>                    <a class="article_link" title="Ver ficha de PEREJIL CONDIS HOJA 13 G" href="/PEREJIL-CONDIS-HOJA-13-G_124166_prd_es_ES.jsp" onclick="javascript:callingTaggingEnpoints('')" itemprop="url"></a>                <div class="hover_container">            <div class="hover">                <div class="info_symbol"></div>            </div>        </div>                    </article>            </li>                    <li class="article" itemprop="itemListElement" itemscope="" itemtype="http://schema.org/Product">                    <article class="article_container" id="item_description_110274">            <a class="article_name" title="Ver ficha de SALSA SOJA KIKKOMAN BAJA SAL 250 ML" href="/SALSA-SOJA-KIKKOMAN-BAJA-SAL-250-ML_110274_prd_es_ES.jsp" itemprop="url"><span itemprop="name" id="description_text">SALSA SOJA KIKKOMAN BAJA SAL 250 ML</span></a>            <!--informacion de gluten y calorias -->        <div class="info_container">                            <span class="calories">77 <span>kcal</span></span>                <a class="info" title="Producto con 77 kilocalorías" href="javascript:void(0);">                    <span class="info_text">Producto con 77 kilocalorías.</span>                </a>                                                            <img class="info_icon" alt="10% Descuento para suscriptores Condisline Prime" src="//static.condisline.com/resize_39x39/images/product_icons/icon_subscription.png" width="39" height="39">                                            <a class="info" title="10% Descuento para suscriptores Condisline Prime" href="javascript:void(0);">                            <span class="info_text">10% Descuento para suscriptores Condisline Prime</span>                        </a>                                                        </div>        <img class="article_image" alt="SALSA SOJA KIKKOMAN BAJA SAL 250 ML" data-original="//static.condisline.com/resize_190x200/images/catalog/large/110274.jpg" src="//static.condisline.com/resize_190x200/images/catalog/large/110274.jpg" width="190" height="200" style="display: block;">        <meta itemprop="image" content="//static.condisline.com/resize_190x200/images/catalog/large/110274.jpg">        <div class="article_price_container" itemprop="offers" itemscope="" itemtype="http://schema.org/Offer">            <!-- Price -->                                            <span class="article_price" itemprop="price"><span id="list_price_110274">4,99</span></span>                <span class="currency">€</span>                <script>                    formatNumber('4.99', 'list_price_110274');                </script>                        <meta itemprop="priceCurrency" content="EUR">            <div class="unit_container">                                    <a class="substract_button" title="Menos" href="javascript:void(0);">-</a>                                <label class="quantity_container">                                                                        <input class="input_quantity_product" id="item_quantity_110274" type="number" data-product="110274" value="" min="1" max="999" required="" autocomplete="off">                                                            </label>                                    <a class="add_button" title="Más" href="javascript:void(0);">+</a>                    <a class="added_tick" title="Cambiar unidades" href="javascript:void(0);"></a>                            </div>                                                <div class="article_pum">                        <span>     19,96€/Litro</span>                    </div>                                                                            <a data-product-id="110274" class="orange_button btn_add2cart" title="Añadir al carrito" onclick="dataLayer.push({event: 'event_gtm',category:'acciones usuario', action:'a�adir producto desde listado'})" href="javascript:addToCartFromItemList('110274')">AÑADIR AL CARRITO &gt;</a>                                        <span class="added_button">En carrito</span>                                    <a class="white_button" title="Añadir a mi lista" href="javascript:addToListFromItemList('110274')" onclick="dataLayer.push({event: 'event_gtm',category:'acciones usuario', action:'a�adir producto a lista'});">Añadir a mi lista</a>                                </div>                    <a class="article_link" title="Ver ficha de SALSA SOJA KIKKOMAN BAJA SAL 250 ML" href="/SALSA-SOJA-KIKKOMAN-BAJA-SAL-250-ML_110274_prd_es_ES.jsp" onclick="javascript:callingTaggingEnpoints('')" itemprop="url"></a>                <div class="hover_container">            <div class="hover">                <div class="info_symbol"></div>            </div>        </div>                    </article>            </li>                    <li class="article" itemprop="itemListElement" itemscope="" itemtype="http://schema.org/Product">                    <article class="article_container" id="item_description_124299">            <a class="article_name" title="Ver ficha de ORÉGANO HOJA DANI BOLSA 40 G" href="/OREGANO-HOJA-DANI-BOLSA-40-G_124299_prd_es_ES.jsp" itemprop="url"><span itemprop="name" id="description_text">ORÉGANO HOJA DANI BOLSA 40 G</span></a>            <!--informacion de gluten y calorias -->        <div class="info_container">                                                            <img class="info_icon" alt="10% Descuento para suscriptores Condisline Prime" src="//static.condisline.com/resize_39x39/images/product_icons/icon_subscription.png" width="39" height="39">                                            <a class="info" title="10% Descuento para suscriptores Condisline Prime" href="javascript:void(0);">                            <span class="info_text">10% Descuento para suscriptores Condisline Prime</span>                        </a>                                                        </div>        <img class="article_image" alt="ORÉGANO HOJA DANI BOLSA 40 G" data-original="//static.condisline.com/resize_190x200/images/catalog/large/124299.jpg" src="//static.condisline.com/resize_190x200/images/catalog/large/124299.jpg" width="190" height="200" style="display: block;">        <meta itemprop="image" content="//static.condisline.com/resize_190x200/images/catalog/large/124299.jpg">        <div class="article_price_container" itemprop="offers" itemscope="" itemtype="http://schema.org/Offer">            <!-- Price -->                                            <span class="article_price" itemprop="price"><span id="list_price_124299">1,29</span></span>                <span class="currency">€</span>                <script>                    formatNumber('1.29', 'list_price_124299');                </script>                        <meta itemprop="priceCurrency" content="EUR">            <div class="unit_container">                                    <a class="substract_button" title="Menos" href="javascript:void(0);">-</a>                                <label class="quantity_container">                                                                        <input class="input_quantity_product" id="item_quantity_124299" type="number" data-product="124299" value="" min="1" max="999" required="" autocomplete="off">                                                            </label>                                    <a class="add_button" title="Más" href="javascript:void(0);">+</a>                    <a class="added_tick" title="Cambiar unidades" href="javascript:void(0);"></a>                            </div>                                                <div class="article_pum">                        <span>     32,25€/Kilo</span>                    </div>                                                                            <a data-product-id="124299" class="orange_button btn_add2cart" title="Añadir al carrito" onclick="dataLayer.push({event: 'event_gtm',category:'acciones usuario', action:'a�adir producto desde listado'})" href="javascript:addToCartFromItemList('124299')">AÑADIR AL CARRITO &gt;</a>                                        <span class="added_button">En carrito</span>                                    <a class="white_button" title="Añadir a mi lista" href="javascript:addToListFromItemList('124299')" onclick="dataLayer.push({event: 'event_gtm',category:'acciones usuario', action:'a�adir producto a lista'});">Añadir a mi lista</a>                                </div>                    <a class="article_link" title="Ver ficha de ORÉGANO HOJA DANI BOLSA 40 G" href="/OREGANO-HOJA-DANI-BOLSA-40-G_124299_prd_es_ES.jsp" onclick="javascript:callingTaggingEnpoints('')" itemprop="url"></a>                <div class="hover_container">            <div class="hover">                <div class="info_symbol"></div>            </div>        </div>                    </article>            </li>                    <li class="article" itemprop="itemListElement" itemscope="" itemtype="http://schema.org/Product">                    <article class="article_container" id="item_description_110476">            <a class="article_name" title="Ver ficha de TOMATE CELORRIO FRITO TARRO 580 G" href="/TOMATE-CELORRIO-FRITO-TARRO-580-G_110476_prd_es_ES.jsp" itemprop="url"><span itemprop="name" id="description_text">TOMATE CELORRIO FRITO TARRO 580 G</span></a>            <!--informacion de gluten y calorias -->        <div class="info_container">                                                            <img class="info_icon" alt="10% Descuento para suscriptores Condisline Prime" src="//static.condisline.com/resize_39x39/images/product_icons/icon_subscription.png" width="39" height="39">                                            <a class="info" title="10% Descuento para suscriptores Condisline Prime" href="javascript:void(0);">                            <span class="info_text">10% Descuento para suscriptores Condisline Prime</span>                        </a>                                                        </div>        <img class="article_image" alt="TOMATE CELORRIO FRITO TARRO 580 G" data-original="//static.condisline.com/resize_190x200/images/catalog/large/110476.jpg" src="//static.condisline.com/resize_190x200/images/catalog/large/110476.jpg" width="190" height="200" style="display: block;">        <meta itemprop="image" content="//static.condisline.com/resize_190x200/images/catalog/large/110476.jpg">        <div class="article_price_container" itemprop="offers" itemscope="" itemtype="http://schema.org/Offer">            <!-- Price -->                                            <span class="article_price" itemprop="price"><span id="list_price_110476">1,10</span></span>                <span class="currency">€</span>                <script>                    formatNumber('1.1', 'list_price_110476');                </script>                        <meta itemprop="priceCurrency" content="EUR">            <div class="unit_container">                                    <a class="substract_button" title="Menos" href="javascript:void(0);">-</a>                                <label class="quantity_container">                                                                        <input class="input_quantity_product" id="item_quantity_110476" type="number" data-product="110476" value="" min="1" max="999" required="" autocomplete="off">                                                            </label>                                    <a class="add_button" title="Más" href="javascript:void(0);">+</a>                    <a class="added_tick" title="Cambiar unidades" href="javascript:void(0);"></a>                            </div>                                                <div class="article_pum">                        <span>      1,90€/Kilo</span>                    </div>                                                                            <a data-product-id="110476" class="orange_button btn_add2cart" title="Añadir al carrito" onclick="dataLayer.push({event: 'event_gtm',category:'acciones usuario', action:'a�adir producto desde listado'})" href="javascript:addToCartFromItemList('110476')">AÑADIR AL CARRITO &gt;</a>                                        <span class="added_button">En carrito</span>                                    <a class="white_button" title="Añadir a mi lista" href="javascript:addToListFromItemList('110476')" onclick="dataLayer.push({event: 'event_gtm',category:'acciones usuario', action:'a�adir producto a lista'});">Añadir a mi lista</a>                                </div>                    <a class="article_link" title="Ver ficha de TOMATE CELORRIO FRITO TARRO 580 G" href="/TOMATE-CELORRIO-FRITO-TARRO-580-G_110476_prd_es_ES.jsp" onclick="javascript:callingTaggingEnpoints('')" itemprop="url"></a>                <div class="hover_container">            <div class="hover">                <div class="info_symbol"></div>            </div>        </div>                    </article>            </li>                    <li class="article" itemprop="itemListElement" itemscope="" itemtype="http://schema.org/Product">                    <article class="article_container" id="item_description_720217">            <a class="article_name" title="Ver ficha de SAL MALDON CODINA 125 G" href="/SAL-MALDON-CODINA-125-G_720217_prd_es_ES.jsp" itemprop="url"><span itemprop="name" id="description_text">SAL MALDON CODINA 125 G</span></a>            <!--informacion de gluten y calorias -->        <div class="info_container">                                                            <img class="info_icon" alt="10% Descuento para suscriptores Condisline Prime" src="//static.condisline.com/resize_39x39/images/product_icons/icon_subscription.png" width="39" height="39">                                            <a class="info" title="10% Descuento para suscriptores Condisline Prime" href="javascript:void(0);">                            <span class="info_text">10% Descuento para suscriptores Condisline Prime</span>                        </a>                                                        </div>        <img class="article_image" alt="SAL MALDON CODINA 125 G" data-original="//static.condisline.com/resize_190x200/images/catalog/large/720217.jpg" src="//static.condisline.com/resize_190x200/images/catalog/large/720217.jpg" width="190" height="200" style="display: block;">        <meta itemprop="image" content="//static.condisline.com/resize_190x200/images/catalog/large/720217.jpg">        <div class="article_price_container" itemprop="offers" itemscope="" itemtype="http://schema.org/Offer">            <!-- Price -->                                            <span class="article_price" itemprop="price"><span id="list_price_720217">3,49</span></span>                <span class="currency">€</span>                <script>                    formatNumber('3.49', 'list_price_720217');                </script>                        <meta itemprop="priceCurrency" content="EUR">            <div class="unit_container">                                    <a class="substract_button" title="Menos" href="javascript:void(0);">-</a>                                <label class="quantity_container">                                                                        <input class="input_quantity_product" id="item_quantity_720217" type="number" data-product="720217" value="" min="1" max="999" required="" autocomplete="off">                                                            </label>                                    <a class="add_button" title="Más" href="javascript:void(0);">+</a>                    <a class="added_tick" title="Cambiar unidades" href="javascript:void(0);"></a>                            </div>                                                <div class="article_pum">                        <span>     27,92€/Kilo</span>                    </div>                                                                            <a data-product-id="720217" class="orange_button btn_add2cart" title="Añadir al carrito" onclick="dataLayer.push({event: 'event_gtm',category:'acciones usuario', action:'a�adir producto desde listado'})" href="javascript:addToCartFromItemList('720217')">AÑADIR AL CARRITO &gt;</a>                                        <span class="added_button">En carrito</span>                                    <a class="white_button" title="Añadir a mi lista" href="javascript:addToListFromItemList('720217')" onclick="dataLayer.push({event: 'event_gtm',category:'acciones usuario', action:'a�adir producto a lista'});">Añadir a mi lista</a>                                </div>                    <a class="article_link" title="Ver ficha de SAL MALDON CODINA 125 G" href="/SAL-MALDON-CODINA-125-G_720217_prd_es_ES.jsp" onclick="javascript:callingTaggingEnpoints('')" itemprop="url"></a>                <div class="hover_container">            <div class="hover">                <div class="info_symbol"></div>            </div>        </div>                    </article>            </li>                    <li class="article" itemprop="itemListElement" itemscope="" itemtype="http://schema.org/Product">                    <article class="article_container" id="item_description_519099">            <a class="article_name" title="Ver ficha de MAYONESA PRIMA ORIG MONODOSIS 16 UNIDADES" href="/MAYONESA-PRIMA-ORIG-MONODOSIS-16-UNIDADES_519099_prd_es_ES.jsp" itemprop="url"><span itemprop="name" id="description_text">MAYONESA PRIMA ORIG MONODOSIS 16 UNIDADES</span></a>            <!--informacion de gluten y calorias -->        <div class="info_container">                            <span class="calories">606 <span>kcal</span></span>                <a class="info" title="Producto con 606 kilocalorías" href="javascript:void(0);">                    <span class="info_text">Producto con 606 kilocalorías.</span>                </a>                                                            <img class="info_icon" alt="10% Descuento para suscriptores Condisline Prime" src="//static.condisline.com/resize_39x39/images/product_icons/icon_subscription.png" width="39" height="39">                                            <a class="info" title="10% Descuento para suscriptores Condisline Prime" href="javascript:void(0);">                            <span class="info_text">10% Descuento para suscriptores Condisline Prime</span>                        </a>                                                        <img class="info_icon" alt="Producto sin lactosa" src="//static.condisline.com/resize_39x39/images/product_icons/no_lactosa.png" width="39" height="39">                                            <a class="info" title="Producto sin lactosa" href="javascript:void(0);">                            <span class="info_text">Producto sin lactosa</span>                        </a>                                                        </div>        <img class="article_image" alt="MAYONESA PRIMA ORIG MONODOSIS 16 UNIDADES" data-original="//static.condisline.com/resize_190x200/images/catalog/large/519099.jpg" src="//static.condisline.com/resize_190x200/images/catalog/large/519099.jpg" width="190" height="200" style="display: block;">        <meta itemprop="image" content="//static.condisline.com/resize_190x200/images/catalog/large/519099.jpg">        <div class="article_price_container" itemprop="offers" itemscope="" itemtype="http://schema.org/Offer">            <!-- Price -->                                            <span class="article_price" itemprop="price"><span id="list_price_519099">1,89</span></span>                <span class="currency">€</span>                <script>                    formatNumber('1.89', 'list_price_519099');                </script>                        <meta itemprop="priceCurrency" content="EUR">            <div class="unit_container">                                    <a class="substract_button" title="Menos" href="javascript:void(0);">-</a>                                <label class="quantity_container">                                                                        <input class="input_quantity_product" id="item_quantity_519099" type="number" data-product="519099" value="" min="1" max="999" required="" autocomplete="off">                                                            </label>                                    <a class="add_button" title="Más" href="javascript:void(0);">+</a>                    <a class="added_tick" title="Cambiar unidades" href="javascript:void(0);"></a>                            </div>                                                <div class="article_pum">                        <span>     14,32€/Kilo</span>                    </div>                                                                            <a data-product-id="519099" class="orange_button btn_add2cart" title="Añadir al carrito" onclick="dataLayer.push({event: 'event_gtm',category:'acciones usuario', action:'a�adir producto desde listado'})" href="javascript:addToCartFromItemList('519099')">AÑADIR AL CARRITO &gt;</a>                                        <span class="added_button">En carrito</span>                                    <a class="white_button" title="Añadir a mi lista" href="javascript:addToListFromItemList('519099')" onclick="dataLayer.push({event: 'event_gtm',category:'acciones usuario', action:'a�adir producto a lista'});">Añadir a mi lista</a>                                </div>                    <a class="article_link" title="Ver ficha de MAYONESA PRIMA ORIG MONODOSIS 16 UNIDADES" href="/MAYONESA-PRIMA-ORIG-MONODOSIS-16-UNIDADES_519099_prd_es_ES.jsp" onclick="javascript:callingTaggingEnpoints('')" itemprop="url"></a>                <div class="hover_container">            <div class="hover">                <div class="info_symbol"></div>            </div>        </div>                    </article>            </li>                    <li class="article" itemprop="itemListElement" itemscope="" itemtype="http://schema.org/Product">                    <article class="article_container" id="item_description_112012">            <a class="article_name" title="Ver ficha de SAL COSTA PLUS+ 1 KG" href="/SAL-COSTA-PLUS-1-KG_112012_prd_es_ES.jsp" itemprop="url"><span itemprop="name" id="description_text">SAL COSTA PLUS+ 1 KG</span></a>            <!--informacion de gluten y calorias -->        <div class="info_container">                                                            <img class="info_icon" alt="10% Descuento para suscriptores Condisline Prime" src="//static.condisline.com/resize_39x39/images/product_icons/icon_subscription.png" width="39" height="39">                                            <a class="info" title="10% Descuento para suscriptores Condisline Prime" href="javascript:void(0);">                            <span class="info_text">10% Descuento para suscriptores Condisline Prime</span>                        </a>                                                        </div>        <img class="article_image" alt="SAL COSTA PLUS+ 1 KG" data-original="//static.condisline.com/resize_190x200/images/catalog/large/112012.jpg" src="//static.condisline.com/resize_190x200/images/catalog/large/112012.jpg" width="190" height="200" style="display: block;">        <meta itemprop="image" content="//static.condisline.com/resize_190x200/images/catalog/large/112012.jpg">        <div class="article_price_container" itemprop="offers" itemscope="" itemtype="http://schema.org/Offer">            <!-- Price -->                                            <span class="article_price" itemprop="price"><span id="list_price_112012">1,19</span></span>                <span class="currency">€</span>                <script>                    formatNumber('1.19', 'list_price_112012');                </script>                        <meta itemprop="priceCurrency" content="EUR">            <div class="unit_container">                                    <a class="substract_button" title="Menos" href="javascript:void(0);">-</a>                                <label class="quantity_container">                                                                        <input class="input_quantity_product" id="item_quantity_112012" type="number" data-product="112012" value="" min="1" max="999" required="" autocomplete="off">                                                            </label>                                    <a class="add_button" title="Más" href="javascript:void(0);">+</a>                    <a class="added_tick" title="Cambiar unidades" href="javascript:void(0);"></a>                            </div>                                                <div class="article_pum">                        <span>      1,19€/Kilo</span>                    </div>                                                                            <a data-product-id="112012" class="orange_button btn_add2cart" title="Añadir al carrito" onclick="dataLayer.push({event: 'event_gtm',category:'acciones usuario', action:'a�adir producto desde listado'})" href="javascript:addToCartFromItemList('112012')">AÑADIR AL CARRITO &gt;</a>                                        <span class="added_button">En carrito</span>                                    <a class="white_button" title="Añadir a mi lista" href="javascript:addToListFromItemList('112012')" onclick="dataLayer.push({event: 'event_gtm',category:'acciones usuario', action:'a�adir producto a lista'});">Añadir a mi lista</a>                                </div>                    <a class="article_link" title="Ver ficha de SAL COSTA PLUS+ 1 KG" href="/SAL-COSTA-PLUS-1-KG_112012_prd_es_ES.jsp" onclick="javascript:callingTaggingEnpoints('')" itemprop="url"></a>                <div class="hover_container">            <div class="hover">                <div class="info_symbol"></div>            </div>        </div>                    </article>            </li>                    <li class="article" itemprop="itemListElement" itemscope="" itemtype="http://schema.org/Product">                    <article class="article_container" id="item_description_110394">            <a class="article_name" title="Ver ficha de SALSA HELLMANN'S BARBACOA 250 ML" href="/SALSA-HELLMANN-S-BARBACOA-250-ML_110394_prd_es_ES.jsp" itemprop="url"><span itemprop="name" id="description_text">SALSA HELLMANN'S BARBACOA 250 ML</span></a>            <!--informacion de gluten y calorias -->        <div class="info_container">                            <span class="calories">133 <span>kcal</span></span>                <a class="info" title="Producto con 133 kilocalorías" href="javascript:void(0);">                    <span class="info_text">Producto con 133 kilocalorías.</span>                </a>                                                            <img class="info_icon" alt="10% Descuento para suscriptores Condisline Prime" src="//static.condisline.com/resize_39x39/images/product_icons/icon_subscription.png" width="39" height="39">                                            <a class="info" title="10% Descuento para suscriptores Condisline Prime" href="javascript:void(0);">                            <span class="info_text">10% Descuento para suscriptores Condisline Prime</span>                        </a>                                                        </div>        <img class="article_image" alt="SALSA HELLMANN'S BARBACOA 250 ML" data-original="//static.condisline.com/resize_190x200/images/catalog/large/110394.jpg" src="//static.condisline.com/resize_190x200/images/catalog/large/110394.jpg" width="190" height="200" style="display: block;">        <meta itemprop="image" content="//static.condisline.com/resize_190x200/images/catalog/large/110394.jpg">        <div class="article_price_container" itemprop="offers" itemscope="" itemtype="http://schema.org/Offer">            <!-- Price -->                                            <span class="article_price" itemprop="price"><span id="list_price_110394">2,25</span></span>                <span class="currency">€</span>                <script>                    formatNumber('2.25', 'list_price_110394');                </script>                        <meta itemprop="priceCurrency" content="EUR">            <div class="unit_container">                                    <a class="substract_button" title="Menos" href="javascript:void(0);">-</a>                                <label class="quantity_container">                                                                        <input class="input_quantity_product" id="item_quantity_110394" type="number" data-product="110394" value="" min="1" max="999" required="" autocomplete="off">                                                            </label>                                    <a class="add_button" title="Más" href="javascript:void(0);">+</a>                    <a class="added_tick" title="Cambiar unidades" href="javascript:void(0);"></a>                            </div>                                                <div class="article_pum">                        <span>      9,00€/Kilo</span>                    </div>                                                                            <a data-product-id="110394" class="orange_button btn_add2cart" title="Añadir al carrito" onclick="dataLayer.push({event: 'event_gtm',category:'acciones usuario', action:'a�adir producto desde listado'})" href="javascript:addToCartFromItemList('110394')">AÑADIR AL CARRITO &gt;</a>                                        <span class="added_button">En carrito</span>                                    <a class="white_button" title="Añadir a mi lista" href="javascript:addToListFromItemList('110394')" onclick="dataLayer.push({event: 'event_gtm',category:'acciones usuario', action:'a�adir producto a lista'});">Añadir a mi lista</a>                                </div>                    <a class="article_link" title="Ver ficha de SALSA HELLMANN'S BARBACOA 250 ML" href="/SALSA-HELLMANN-S-BARBACOA-250-ML_110394_prd_es_ES.jsp" onclick="javascript:callingTaggingEnpoints('')" itemprop="url"></a>                <div class="hover_container">            <div class="hover">                <div class="info_symbol"></div>            </div>        </div>                    </article>            </li>                    <li class="article" itemprop="itemListElement" itemscope="" itemtype="http://schema.org/Product">                    <article class="article_container" id="item_description_110042">            <a class="article_name" title="Ver ficha de SALSA DANI APERITIVO 90 ML" href="/SALSA-DANI-APERITIVO-90-ML_110042_prd_es_ES.jsp" itemprop="url"><span itemprop="name" id="description_text">SALSA DANI APERITIVO 90 ML</span></a>            <!--informacion de gluten y calorias -->        <div class="info_container">                            <span class="calories">29 <span>kcal</span></span>                <a class="info" title="Producto con 29 kilocalorías" href="javascript:void(0);">                    <span class="info_text">Producto con 29 kilocalorías.</span>                </a>                                                            <img class="info_icon" alt="10% Descuento para suscriptores Condisline Prime" src="//static.condisline.com/resize_39x39/images/product_icons/icon_subscription.png" width="39" height="39">                                            <a class="info" title="10% Descuento para suscriptores Condisline Prime" href="javascript:void(0);">                            <span class="info_text">10% Descuento para suscriptores Condisline Prime</span>                        </a>                                                        </div>        <img class="article_image" alt="SALSA DANI APERITIVO 90 ML" data-original="//static.condisline.com/resize_190x200/images/catalog/large/110042.jpg" src="//static.condisline.com/resize_190x200/images/catalog/large/110042.jpg" width="190" height="200" style="display: block;">        <meta itemprop="image" content="//static.condisline.com/resize_190x200/images/catalog/large/110042.jpg">        <div class="article_price_container" itemprop="offers" itemscope="" itemtype="http://schema.org/Offer">            <!-- Price -->                                            <span class="article_price" itemprop="price"><span id="list_price_110042">1,49</span></span>                <span class="currency">€</span>                <script>                    formatNumber('1.49', 'list_price_110042');                </script>                        <meta itemprop="priceCurrency" content="EUR">            <div class="unit_container">                                    <a class="substract_button" title="Menos" href="javascript:void(0);">-</a>                                <label class="quantity_container">                                                                        <input class="input_quantity_product" id="item_quantity_110042" type="number" data-product="110042" value="" min="1" max="999" required="" autocomplete="off">                                                            </label>                                    <a class="add_button" title="Más" href="javascript:void(0);">+</a>                    <a class="added_tick" title="Cambiar unidades" href="javascript:void(0);"></a>                            </div>                                                <div class="article_pum">                        <span>     16,56€/Litro</span>                    </div>                                                                            <a data-product-id="110042" class="orange_button btn_add2cart" title="Añadir al carrito" onclick="dataLayer.push({event: 'event_gtm',category:'acciones usuario', action:'a�adir producto desde listado'})" href="javascript:addToCartFromItemList('110042')">AÑADIR AL CARRITO &gt;</a>                                        <span class="added_button">En carrito</span>                                    <a class="white_button" title="Añadir a mi lista" href="javascript:addToListFromItemList('110042')" onclick="dataLayer.push({event: 'event_gtm',category:'acciones usuario', action:'a�adir producto a lista'});">Añadir a mi lista</a>                                </div>                    <a class="article_link" title="Ver ficha de SALSA DANI APERITIVO 90 ML" href="/SALSA-DANI-APERITIVO-90-ML_110042_prd_es_ES.jsp" onclick="javascript:callingTaggingEnpoints('')" itemprop="url"></a>                <div class="hover_container">            <div class="hover">                <div class="info_symbol"></div>            </div>        </div>                    </article>            </li>                    <li class="article" itemprop="itemListElement" itemscope="" itemtype="http://schema.org/Product">                    <article class="article_container" id="item_description_110072">            <a class="article_name" title="Ver ficha de MOSTAZA LOUIT DIÁFANA AL ESTRAGÓN 120 G" href="/MOSTAZA-LOUIT-DIAFANA-AL-ESTRAGON-120-G_110072_prd_es_ES.jsp" itemprop="url"><span itemprop="name" id="description_text">MOSTAZA LOUIT DIÁFANA AL ESTRAGÓN 120 G</span></a>            <!--informacion de gluten y calorias -->        <div class="info_container">                            <span class="calories">155 <span>kcal</span></span>                <a class="info" title="Producto con 155 kilocalorías" href="javascript:void(0);">                    <span class="info_text">Producto con 155 kilocalorías.</span>                </a>                                                            <img class="info_icon" alt="10% Descuento para suscriptores Condisline Prime" src="//static.condisline.com/resize_39x39/images/product_icons/icon_subscription.png" width="39" height="39">                                            <a class="info" title="10% Descuento para suscriptores Condisline Prime" href="javascript:void(0);">                            <span class="info_text">10% Descuento para suscriptores Condisline Prime</span>                        </a>                                                        </div>        <img class="article_image" alt="MOSTAZA LOUIT DIÁFANA AL ESTRAGÓN 120 G" data-original="//static.condisline.com/resize_190x200/images/catalog/large/110072.jpg" src="//static.condisline.com/resize_190x200/images/catalog/large/110072.jpg" width="190" height="200" style="display: block;">        <meta itemprop="image" content="//static.condisline.com/resize_190x200/images/catalog/large/110072.jpg">        <div class="article_price_container" itemprop="offers" itemscope="" itemtype="http://schema.org/Offer">            <!-- Price -->                                            <span class="article_price" itemprop="price"><span id="list_price_110072">1,49</span></span>                <span class="currency">€</span>                <script>                    formatNumber('1.49', 'list_price_110072');                </script>                        <meta itemprop="priceCurrency" content="EUR">            <div class="unit_container">                                    <a class="substract_button" title="Menos" href="javascript:void(0);">-</a>                                <label class="quantity_container">                                                                        <input class="input_quantity_product" id="item_quantity_110072" type="number" data-product="110072" value="" min="1" max="999" required="" autocomplete="off">                                                            </label>                                    <a class="add_button" title="Más" href="javascript:void(0);">+</a>                    <a class="added_tick" title="Cambiar unidades" href="javascript:void(0);"></a>                            </div>                                                <div class="article_pum">                        <span>     12,96€/Kilo</span>                    </div>                                                                            <a data-product-id="110072" class="orange_button btn_add2cart" title="Añadir al carrito" onclick="dataLayer.push({event: 'event_gtm',category:'acciones usuario', action:'a�adir producto desde listado'})" href="javascript:addToCartFromItemList('110072')">AÑADIR AL CARRITO &gt;</a>                                        <span class="added_button">En carrito</span>                                    <a class="white_button" title="Añadir a mi lista" href="javascript:addToListFromItemList('110072')" onclick="dataLayer.push({event: 'event_gtm',category:'acciones usuario', action:'a�adir producto a lista'});">Añadir a mi lista</a>                                </div>                    <a class="article_link" title="Ver ficha de MOSTAZA LOUIT DIÁFANA AL ESTRAGÓN 120 G" href="/MOSTAZA-LOUIT-DIAFANA-AL-ESTRAGON-120-G_110072_prd_es_ES.jsp" onclick="javascript:callingTaggingEnpoints('')" itemprop="url"></a>                <div class="hover_container">            <div class="hover">                <div class="info_symbol"></div>            </div>        </div>                    </article>            </li>                    <li class="article" itemprop="itemListElement" itemscope="" itemtype="http://schema.org/Product">                    <article class="article_container" id="item_description_110040">            <a class="article_name" title="Ver ficha de MOSTAZA MAILLE A LA ANTIGUA 215 G" href="/MOSTAZA-MAILLE-A-LA-ANTIGUA-215-G_110040_prd_es_ES.jsp" itemprop="url"><span itemprop="name" id="description_text">MOSTAZA MAILLE A LA ANTIGUA 215 G</span></a>            <!--informacion de gluten y calorias -->        <div class="info_container">                            <span class="calories">180 <span>kcal</span></span>                <a class="info" title="Producto con 180 kilocalorías" href="javascript:void(0);">                    <span class="info_text">Producto con 180 kilocalorías.</span>                </a>                                                            <img class="info_icon" alt="10% Descuento para suscriptores Condisline Prime" src="//static.condisline.com/resize_39x39/images/product_icons/icon_subscription.png" width="39" height="39">                                            <a class="info" title="10% Descuento para suscriptores Condisline Prime" href="javascript:void(0);">                            <span class="info_text">10% Descuento para suscriptores Condisline Prime</span>                        </a>                                                        </div>        <img class="article_image" alt="MOSTAZA MAILLE A LA ANTIGUA 215 G" data-original="//static.condisline.com/resize_190x200/images/catalog/large/110040.jpg" src="//static.condisline.com/resize_190x200/images/catalog/large/110040.jpg" width="190" height="200" style="display: block;">        <meta itemprop="image" content="//static.condisline.com/resize_190x200/images/catalog/large/110040.jpg">        <div class="article_price_container" itemprop="offers" itemscope="" itemtype="http://schema.org/Offer">            <!-- Price -->                                            <span class="article_price" itemprop="price"><span id="list_price_110040">3,65</span></span>                <span class="currency">€</span>                <script>                    formatNumber('3.65', 'list_price_110040');                </script>                        <meta itemprop="priceCurrency" content="EUR">            <div class="unit_container">                                    <a class="substract_button" title="Menos" href="javascript:void(0);">-</a>                                <label class="quantity_container">                                                                        <input class="input_quantity_product" id="item_quantity_110040" type="number" data-product="110040" value="" min="1" max="999" required="" autocomplete="off">                                                            </label>                                    <a class="add_button" title="Más" href="javascript:void(0);">+</a>                    <a class="added_tick" title="Cambiar unidades" href="javascript:void(0);"></a>                            </div>                                                <div class="article_pum">                        <span>     16,98€/Kilo</span>                    </div>                                                                            <a data-product-id="110040" class="orange_button btn_add2cart" title="Añadir al carrito" onclick="dataLayer.push({event: 'event_gtm',category:'acciones usuario', action:'a�adir producto desde listado'})" href="javascript:addToCartFromItemList('110040')">AÑADIR AL CARRITO &gt;</a>                                        <span class="added_button">En carrito</span>                                    <a class="white_button" title="Añadir a mi lista" href="javascript:addToListFromItemList('110040')" onclick="dataLayer.push({event: 'event_gtm',category:'acciones usuario', action:'a�adir producto a lista'});">Añadir a mi lista</a>                                </div>                    <a class="article_link" title="Ver ficha de MOSTAZA MAILLE A LA ANTIGUA 215 G" href="/MOSTAZA-MAILLE-A-LA-ANTIGUA-215-G_110040_prd_es_ES.jsp" onclick="javascript:callingTaggingEnpoints('')" itemprop="url"></a>                <div class="hover_container">            <div class="hover">                <div class="info_symbol"></div>            </div>        </div>                    </article>            </li>                    <li class="article" itemprop="itemListElement" itemscope="" itemtype="http://schema.org/Product">                    <article class="article_container" id="item_description_124309">            <a class="article_name" title="Ver ficha de PIMENTÓN DULCE AHUMADO DANI 75 G" href="/PIMENTON-DULCE-AHUMADO-DANI-75-G_124309_prd_es_ES.jsp" itemprop="url"><span itemprop="name" id="description_text">PIMENTÓN DULCE AHUMADO DANI 75 G</span></a>            <!--informacion de gluten y calorias -->        <div class="info_container">                                                            <img class="info_icon" alt="10% Descuento para suscriptores Condisline Prime" src="//static.condisline.com/resize_39x39/images/product_icons/icon_subscription.png" width="39" height="39">                                            <a class="info" title="10% Descuento para suscriptores Condisline Prime" href="javascript:void(0);">                            <span class="info_text">10% Descuento para suscriptores Condisline Prime</span>                        </a>                                                        <img class="info_icon" alt="Producto sin gluten" src="//static.condisline.com/resize_39x39/images/product_icons/no_gluten.png" width="39" height="39">                                            <a class="info" title="Producto sin gluten" href="javascript:void(0);">                            <span class="info_text">Producto sin gluten</span>                        </a>                                                        </div>        <img class="article_image" alt="PIMENTÓN DULCE AHUMADO DANI 75 G" data-original="//static.condisline.com/resize_190x200/images/catalog/large/124309.jpg" src="//static.condisline.com/resize_190x200/images/catalog/large/124309.jpg" width="190" height="200" style="display: block;">        <meta itemprop="image" content="//static.condisline.com/resize_190x200/images/catalog/large/124309.jpg">        <div class="article_price_container" itemprop="offers" itemscope="" itemtype="http://schema.org/Offer">            <!-- Price -->                                            <span class="article_price" itemprop="price"><span id="list_price_124309">2,99</span></span>                <span class="currency">€</span>                <script>                    formatNumber('2.99', 'list_price_124309');                </script>                        <meta itemprop="priceCurrency" content="EUR">            <div class="unit_container">                                    <a class="substract_button" title="Menos" href="javascript:void(0);">-</a>                                <label class="quantity_container">                                                                        <input class="input_quantity_product" id="item_quantity_124309" type="number" data-product="124309" value="" min="1" max="999" required="" autocomplete="off">                                                            </label>                                    <a class="add_button" title="Más" href="javascript:void(0);">+</a>                    <a class="added_tick" title="Cambiar unidades" href="javascript:void(0);"></a>                            </div>                                                <div class="article_pum">                        <span>     39,87€/Kilo</span>                    </div>                                                                            <a data-product-id="124309" class="orange_button btn_add2cart" title="Añadir al carrito" onclick="dataLayer.push({event: 'event_gtm',category:'acciones usuario', action:'a�adir producto desde listado'})" href="javascript:addToCartFromItemList('124309')">AÑADIR AL CARRITO &gt;</a>                                        <span class="added_button">En carrito</span>                                    <a class="white_button" title="Añadir a mi lista" href="javascript:addToListFromItemList('124309')" onclick="dataLayer.push({event: 'event_gtm',category:'acciones usuario', action:'a�adir producto a lista'});">Añadir a mi lista</a>                                </div>                    <a class="article_link" title="Ver ficha de PIMENTÓN DULCE AHUMADO DANI 75 G" href="/PIMENTON-DULCE-AHUMADO-DANI-75-G_124309_prd_es_ES.jsp" onclick="javascript:callingTaggingEnpoints('')" itemprop="url"></a>                <div class="hover_container">            <div class="hover">                <div class="info_symbol"></div>            </div>        </div>                    </article>            </li>                    <li class="article" itemprop="itemListElement" itemscope="" itemtype="http://schema.org/Product">                    <article class="article_container" id="item_description_110463">            <a class="article_name" title="Ver ficha de KETCHUP PRIMA ORIGINAL PET 290 G" href="/KETCHUP-PRIMA-ORIGINAL-PET-290-G_110463_prd_es_ES.jsp" itemprop="url"><span itemprop="name" id="description_text">KETCHUP PRIMA ORIGINAL PET 290 G</span></a>            <!--informacion de gluten y calorias -->        <div class="info_container">                                                            <img class="info_icon" alt="10% Descuento para suscriptores Condisline Prime" src="//static.condisline.com/resize_39x39/images/product_icons/icon_subscription.png" width="39" height="39">                                            <a class="info" title="10% Descuento para suscriptores Condisline Prime" href="javascript:void(0);">                            <span class="info_text">10% Descuento para suscriptores Condisline Prime</span>                        </a>                                                        </div>        <img class="article_image" alt="KETCHUP PRIMA ORIGINAL PET 290 G" data-original="//static.condisline.com/resize_190x200/images/catalog/large/110463.jpg" src="//static.condisline.com/resize_190x200/images/catalog/large/110463.jpg" width="190" height="200" style="display: block;">        <meta itemprop="image" content="//static.condisline.com/resize_190x200/images/catalog/large/110463.jpg">        <div class="article_price_container" itemprop="offers" itemscope="" itemtype="http://schema.org/Offer">            <!-- Price -->                                            <span class="article_price" itemprop="price"><span id="list_price_110463">1,79</span></span>                <span class="currency">€</span>                <script>                    formatNumber('1.79', 'list_price_110463');                </script>                        <meta itemprop="priceCurrency" content="EUR">            <div class="unit_container">                                    <a class="substract_button" title="Menos" href="javascript:void(0);">-</a>                                <label class="quantity_container">                                                                        <input class="input_quantity_product" id="item_quantity_110463" type="number" data-product="110463" value="" min="1" max="999" required="" autocomplete="off">                                                            </label>                                    <a class="add_button" title="Más" href="javascript:void(0);">+</a>                    <a class="added_tick" title="Cambiar unidades" href="javascript:void(0);"></a>                            </div>                                                <div class="article_pum">                        <span>      6,17€/Kilo</span>                    </div>                                                                            <a data-product-id="110463" class="orange_button btn_add2cart" title="Añadir al carrito" onclick="dataLayer.push({event: 'event_gtm',category:'acciones usuario', action:'a�adir producto desde listado'})" href="javascript:addToCartFromItemList('110463')">AÑADIR AL CARRITO &gt;</a>                                        <span class="added_button">En carrito</span>                                    <a class="white_button" title="Añadir a mi lista" href="javascript:addToListFromItemList('110463')" onclick="dataLayer.push({event: 'event_gtm',category:'acciones usuario', action:'a�adir producto a lista'});">Añadir a mi lista</a>                                </div>                    <a class="article_link" title="Ver ficha de KETCHUP PRIMA ORIGINAL PET 290 G" href="/KETCHUP-PRIMA-ORIGINAL-PET-290-G_110463_prd_es_ES.jsp" onclick="javascript:callingTaggingEnpoints('')" itemprop="url"></a>                <div class="hover_container">            <div class="hover">                <div class="info_symbol"></div>            </div>        </div>                    </article>            </li>                    <li class="article" itemprop="itemListElement" itemscope="" itemtype="http://schema.org/Product">                    <article class="article_container" id="item_description_110404">            <a class="article_name" title="Ver ficha de SALSA GALLO CARBONARA 330 G" href="/SALSA-GALLO-CARBONARA-330-G_110404_prd_es_ES.jsp" itemprop="url"><span itemprop="name" id="description_text">SALSA GALLO CARBONARA 330 G</span></a>            <!--informacion de gluten y calorias -->        <div class="info_container">                            <span class="calories">128 <span>kcal</span></span>                <a class="info" title="Producto con 128 kilocalorías" href="javascript:void(0);">                    <span class="info_text">Producto con 128 kilocalorías.</span>                </a>                                                            <img class="info_icon" alt="10% Descuento para suscriptores Condisline Prime" src="//static.condisline.com/resize_39x39/images/product_icons/icon_subscription.png" width="39" height="39">                                            <a class="info" title="10% Descuento para suscriptores Condisline Prime" href="javascript:void(0);">                            <span class="info_text">10% Descuento para suscriptores Condisline Prime</span>                        </a>                                                        </div>        <img class="article_image" alt="SALSA GALLO CARBONARA 330 G" data-original="//static.condisline.com/resize_190x200/images/catalog/large/110404.jpg" src="//static.condisline.com/resize_190x200/images/catalog/large/110404.jpg" width="190" height="200" style="display: block;">        <meta itemprop="image" content="//static.condisline.com/resize_190x200/images/catalog/large/110404.jpg">        <div class="article_price_container" itemprop="offers" itemscope="" itemtype="http://schema.org/Offer">            <!-- Price -->                                            <span class="article_price" itemprop="price"><span id="list_price_110404">2,99</span></span>                <span class="currency">€</span>                <script>                    formatNumber('2.99', 'list_price_110404');                </script>                        <meta itemprop="priceCurrency" content="EUR">            <div class="unit_container">                                    <a class="substract_button" title="Menos" href="javascript:void(0);">-</a>                                <label class="quantity_container">                                                                        <input class="input_quantity_product" id="item_quantity_110404" type="number" data-product="110404" value="" min="1" max="999" required="" autocomplete="off">                                                            </label>                                    <a class="add_button" title="Más" href="javascript:void(0);">+</a>                    <a class="added_tick" title="Cambiar unidades" href="javascript:void(0);"></a>                            </div>                                                <div class="article_pum">                        <span>      9,06€/Kilo</span>                    </div>                                                                            <a data-product-id="110404" class="orange_button btn_add2cart" title="Añadir al carrito" onclick="dataLayer.push({event: 'event_gtm',category:'acciones usuario', action:'a�adir producto desde listado'})" href="javascript:addToCartFromItemList('110404')">AÑADIR AL CARRITO &gt;</a>                                        <span class="added_button">En carrito</span>                                    <a class="white_button" title="Añadir a mi lista" href="javascript:addToListFromItemList('110404')" onclick="dataLayer.push({event: 'event_gtm',category:'acciones usuario', action:'a�adir producto a lista'});">Añadir a mi lista</a>                                </div>                    <a class="article_link" title="Ver ficha de SALSA GALLO CARBONARA 330 G" href="/SALSA-GALLO-CARBONARA-330-G_110404_prd_es_ES.jsp" onclick="javascript:callingTaggingEnpoints('')" itemprop="url"></a>                <div class="hover_container">            <div class="hover">                <div class="info_symbol"></div>            </div>        </div>                    </article>            </li>                    <li class="article" itemprop="itemListElement" itemscope="" itemtype="http://schema.org/Product">                    <article class="article_container" id="item_description_110393">            <a class="article_name" title="Ver ficha de SALSA CHOVI ALL I OLI TARRO 200 ML" href="/SALSA-CHOVI-ALL-I-OLI-TARRO-200-ML_110393_prd_es_ES.jsp" itemprop="url"><span itemprop="name" id="description_text">SALSA CHOVI ALL I OLI TARRO 200 ML</span></a>            <!--informacion de gluten y calorias -->        <div class="info_container">                            <span class="calories">688 <span>kcal</span></span>                <a class="info" title="Producto con 688 kilocalorías" href="javascript:void(0);">                    <span class="info_text">Producto con 688 kilocalorías.</span>                </a>                                                            <img class="info_icon" alt="10% Descuento para suscriptores Condisline Prime" src="//static.condisline.com/resize_39x39/images/product_icons/icon_subscription.png" width="39" height="39">                                            <a class="info" title="10% Descuento para suscriptores Condisline Prime" href="javascript:void(0);">                            <span class="info_text">10% Descuento para suscriptores Condisline Prime</span>                        </a>                                                        </div>        <img class="article_image" alt="SALSA CHOVI ALL I OLI TARRO 200 ML" data-original="//static.condisline.com/resize_190x200/images/catalog/large/110393.jpg" src="//static.condisline.com/resize_190x200/images/catalog/large/110393.jpg" width="190" height="200" style="display: block;">        <meta itemprop="image" content="//static.condisline.com/resize_190x200/images/catalog/large/110393.jpg">        <div class="article_price_container" itemprop="offers" itemscope="" itemtype="http://schema.org/Offer">            <!-- Price -->                                            <span class="article_price" itemprop="price"><span id="list_price_110393">1,89</span></span>                <span class="currency">€</span>                <script>                    formatNumber('1.89', 'list_price_110393');                </script>                        <meta itemprop="priceCurrency" content="EUR">            <div class="unit_container">                                    <a class="substract_button" title="Menos" href="javascript:void(0);">-</a>                                <label class="quantity_container">                                                                        <input class="input_quantity_product" id="item_quantity_110393" type="number" data-product="110393" value="" min="1" max="999" required="" autocomplete="off">                                                            </label>                                    <a class="add_button" title="Más" href="javascript:void(0);">+</a>                    <a class="added_tick" title="Cambiar unidades" href="javascript:void(0);"></a>                            </div>                                                <div class="article_pum">                        <span>      9,45€/Kilo</span>                    </div>                                                                            <a data-product-id="110393" class="orange_button btn_add2cart" title="Añadir al carrito" onclick="dataLayer.push({event: 'event_gtm',category:'acciones usuario', action:'a�adir producto desde listado'})" href="javascript:addToCartFromItemList('110393')">AÑADIR AL CARRITO &gt;</a>                                        <span class="added_button">En carrito</span>                                    <a class="white_button" title="Añadir a mi lista" href="javascript:addToListFromItemList('110393')" onclick="dataLayer.push({event: 'event_gtm',category:'acciones usuario', action:'a�adir producto a lista'});">Añadir a mi lista</a>                                </div>                    <a class="article_link" title="Ver ficha de SALSA CHOVI ALL I OLI TARRO 200 ML" href="/SALSA-CHOVI-ALL-I-OLI-TARRO-200-ML_110393_prd_es_ES.jsp" onclick="javascript:callingTaggingEnpoints('')" itemprop="url"></a>                <div class="hover_container">            <div class="hover">                <div class="info_symbol"></div>            </div>        </div>                    </article>            </li>                    <li class="article" itemprop="itemListElement" itemscope="" itemtype="http://schema.org/Product">                    <article class="article_container" id="item_description_110023">            <a class="article_name" title="Ver ficha de SALSA TABASCO PICANTE 60 ML" href="/SALSA-TABASCO-PICANTE-60-ML_110023_prd_es_ES.jsp" itemprop="url"><span itemprop="name" id="description_text">SALSA TABASCO PICANTE 60 ML</span></a>            <!--informacion de gluten y calorias -->        <div class="info_container">                                                            <img class="info_icon" alt="10% Descuento para suscriptores Condisline Prime" src="//static.condisline.com/resize_39x39/images/product_icons/icon_subscription.png" width="39" height="39">                                            <a class="info" title="10% Descuento para suscriptores Condisline Prime" href="javascript:void(0);">                            <span class="info_text">10% Descuento para suscriptores Condisline Prime</span>                        </a>                                                        </div>        <img class="article_image" alt="SALSA TABASCO PICANTE 60 ML" data-original="//static.condisline.com/resize_190x200/images/catalog/large/110023.jpg" src="//static.condisline.com/resize_190x200/images/catalog/large/110023.jpg" width="190" height="200" style="display: block;">        <meta itemprop="image" content="//static.condisline.com/resize_190x200/images/catalog/large/110023.jpg">        <div class="article_price_container" itemprop="offers" itemscope="" itemtype="http://schema.org/Offer">            <!-- Price -->                                            <span class="article_price" itemprop="price"><span id="list_price_110023">3,95</span></span>                <span class="currency">€</span>                <script>                    formatNumber('3.95', 'list_price_110023');                </script>                        <meta itemprop="priceCurrency" content="EUR">            <div class="unit_container">                                    <a class="substract_button" title="Menos" href="javascript:void(0);">-</a>                                <label class="quantity_container">                                                                        <input class="input_quantity_product" id="item_quantity_110023" type="number" data-product="110023" value="" min="1" max="999" required="" autocomplete="off">                                                            </label>                                    <a class="add_button" title="Más" href="javascript:void(0);">+</a>                    <a class="added_tick" title="Cambiar unidades" href="javascript:void(0);"></a>                            </div>                                                <div class="article_pum">                        <span>     65,83€/Kilo</span>                    </div>                                                                            <a data-product-id="110023" class="orange_button btn_add2cart" title="Añadir al carrito" onclick="dataLayer.push({event: 'event_gtm',category:'acciones usuario', action:'a�adir producto desde listado'})" href="javascript:addToCartFromItemList('110023')">AÑADIR AL CARRITO &gt;</a>                                        <span class="added_button">En carrito</span>                                    <a class="white_button" title="Añadir a mi lista" href="javascript:addToListFromItemList('110023')" onclick="dataLayer.push({event: 'event_gtm',category:'acciones usuario', action:'a�adir producto a lista'});">Añadir a mi lista</a>                                </div>                    <a class="article_link" title="Ver ficha de SALSA TABASCO PICANTE 60 ML" href="/SALSA-TABASCO-PICANTE-60-ML_110023_prd_es_ES.jsp" onclick="javascript:callingTaggingEnpoints('')" itemprop="url"></a>                <div class="hover_container">            <div class="hover">                <div class="info_symbol"></div>            </div>        </div>                    </article>            </li>        <!--    </ul> --><!--    <ul id="carousel_articles" class="articles_list" itemscope="" itemtype="http://schema.org/ItemList"> -->                    <li class="article" itemprop="itemListElement" itemscope="" itemtype="http://schema.org/Product">                    <article class="article_container" id="item_description_504019">            <a class="article_name" title="Ver ficha de SALSA HELLMANN'S BRAVA PET 250 G" href="/SALSA-HELLMANN-S-BRAVA-PET-250-G_504019_prd_es_ES.jsp" itemprop="url"><span itemprop="name" id="description_text">SALSA HELLMANN'S BRAVA PET 250 G</span></a>            <!--informacion de gluten y calorias -->        <div class="info_container">                            <span class="calories">271 <span>kcal</span></span>                <a class="info" title="Producto con 271 kilocalorías" href="javascript:void(0);">                    <span class="info_text">Producto con 271 kilocalorías.</span>                </a>                                                            <img class="info_icon" alt="10% Descuento para suscriptores Condisline Prime" src="//static.condisline.com/resize_39x39/images/product_icons/icon_subscription.png" width="39" height="39">                                            <a class="info" title="10% Descuento para suscriptores Condisline Prime" href="javascript:void(0);">                            <span class="info_text">10% Descuento para suscriptores Condisline Prime</span>                        </a>                                                        </div>        <img class="article_image" alt="SALSA HELLMANN'S BRAVA PET 250 G" data-original="//static.condisline.com/resize_190x200/images/catalog/large/504019.jpg" src="//static.condisline.com/resize_190x200/images/catalog/large/504019.jpg" width="190" height="200" style="display: block;">        <meta itemprop="image" content="//static.condisline.com/resize_190x200/images/catalog/large/504019.jpg">        <div class="article_price_container" itemprop="offers" itemscope="" itemtype="http://schema.org/Offer">            <!-- Price -->                                            <span class="article_price" itemprop="price"><span id="list_price_504019">2,25</span></span>                <span class="currency">€</span>                <script>                    formatNumber('2.25', 'list_price_504019');                </script>                        <meta itemprop="priceCurrency" content="EUR">            <div class="unit_container">                                    <a class="substract_button" title="Menos" href="javascript:void(0);">-</a>                                <label class="quantity_container">                                                                        <input class="input_quantity_product" id="item_quantity_504019" type="number" data-product="504019" value="" min="1" max="999" required="" autocomplete="off">                                                            </label>                                    <a class="add_button" title="Más" href="javascript:void(0);">+</a>                    <a class="added_tick" title="Cambiar unidades" href="javascript:void(0);"></a>                            </div>                                                <div class="article_pum">                        <span>      9,00€/Kilo</span>                    </div>                                                                            <a data-product-id="504019" class="orange_button btn_add2cart" title="Añadir al carrito" onclick="dataLayer.push({event: 'event_gtm',category:'acciones usuario', action:'a�adir producto desde listado'})" href="javascript:addToCartFromItemList('504019')">AÑADIR AL CARRITO &gt;</a>                                        <span class="added_button">En carrito</span>                                    <a class="white_button" title="Añadir a mi lista" href="javascript:addToListFromItemList('504019')" onclick="dataLayer.push({event: 'event_gtm',category:'acciones usuario', action:'a�adir producto a lista'});">Añadir a mi lista</a>                                </div>                    <a class="article_link" title="Ver ficha de SALSA HELLMANN'S BRAVA PET 250 G" href="/SALSA-HELLMANN-S-BRAVA-PET-250-G_504019_prd_es_ES.jsp" onclick="javascript:callingTaggingEnpoints('')" itemprop="url"></a>                <div class="hover_container">            <div class="hover">                <div class="info_symbol"></div>            </div>        </div>                    </article>            </li>                    <li class="article" itemprop="itemListElement" itemscope="" itemtype="http://schema.org/Product">                    <article class="article_container" id="item_description_124163">            <a class="article_name" title="Ver ficha de COLORANTE CONDIS ALIMENTARIO 55 G" href="/COLORANTE-CONDIS-ALIMENTARIO-55-G_124163_prd_es_ES.jsp" itemprop="url"><span itemprop="name" id="description_text">COLORANTE CONDIS ALIMENTARIO 55 G</span></a>            <!--informacion de gluten y calorias -->        <div class="info_container">                                                            <img class="info_icon" alt="10% Descuento para suscriptores Condisline Prime" src="//static.condisline.com/resize_39x39/images/product_icons/icon_subscription.png" width="39" height="39">                                            <a class="info" title="10% Descuento para suscriptores Condisline Prime" href="javascript:void(0);">                            <span class="info_text">10% Descuento para suscriptores Condisline Prime</span>                        </a>                                                        <img class="info_icon" alt="Producto sin gluten" src="//static.condisline.com/resize_39x39/images/product_icons/no_gluten.png" width="39" height="39">                                            <a class="info" title="Producto sin gluten" href="javascript:void(0);">                            <span class="info_text">Producto sin gluten</span>                        </a>                                                        <img class="info_icon" alt="Marca propia" src="//static.condisline.com/resize_39x39/images/product_icons/marca_propia.png" width="39" height="39">                                            <a class="info" title="Marca propia" href="javascript:void(0);">                            <span class="info_text">Marca propia</span>                        </a>                                                        </div>        <img class="article_image" alt="COLORANTE CONDIS ALIMENTARIO 55 G" data-original="//static.condisline.com/resize_190x200/images/catalog/large/124163.jpg" src="//static.condisline.com/resize_190x200/images/catalog/large/124163.jpg" width="190" height="200" style="display: block;">        <meta itemprop="image" content="//static.condisline.com/resize_190x200/images/catalog/large/124163.jpg">        <div class="article_price_container" itemprop="offers" itemscope="" itemtype="http://schema.org/Offer">            <!-- Price -->                                            <span class="article_price" itemprop="price"><span id="list_price_124163">0,72</span></span>                <span class="currency">€</span>                <script>                    formatNumber('0.72', 'list_price_124163');                </script>                        <meta itemprop="priceCurrency" content="EUR">            <div class="unit_container">                                    <a class="substract_button" title="Menos" href="javascript:void(0);">-</a>                                <label class="quantity_container">                                                                        <input class="input_quantity_product" id="item_quantity_124163" type="number" data-product="124163" value="" min="1" max="999" required="" autocomplete="off">                                                            </label>                                    <a class="add_button" title="Más" href="javascript:void(0);">+</a>                    <a class="added_tick" title="Cambiar unidades" href="javascript:void(0);"></a>                            </div>                                                <div class="article_pum">                        <span>     13,09€/Kilo</span>                    </div>                                                                            <a data-product-id="124163" class="orange_button btn_add2cart" title="Añadir al carrito" onclick="dataLayer.push({event: 'event_gtm',category:'acciones usuario', action:'a�adir producto desde listado'})" href="javascript:addToCartFromItemList('124163')">AÑADIR AL CARRITO &gt;</a>                                        <span class="added_button">En carrito</span>                                    <a class="white_button" title="Añadir a mi lista" href="javascript:addToListFromItemList('124163')" onclick="dataLayer.push({event: 'event_gtm',category:'acciones usuario', action:'a�adir producto a lista'});">Añadir a mi lista</a>                                </div>                    <a class="article_link" title="Ver ficha de COLORANTE CONDIS ALIMENTARIO 55 G" href="/COLORANTE-CONDIS-ALIMENTARIO-55-G_124163_prd_es_ES.jsp" onclick="javascript:callingTaggingEnpoints('')" itemprop="url"></a>                <div class="hover_container">            <div class="hover">                <div class="info_symbol"></div>            </div>        </div>                    </article>            </li>                    <li class="article" itemprop="itemListElement" itemscope="" itemtype="http://schema.org/Product">                    <article class="article_container" id="item_description_110491">            <a class="article_name" title="Ver ficha de SALSA GALLO SUPER BOLOÑESA 350 G" href="/SALSA-GALLO-SUPER-BOLONESA-350-G_110491_prd_es_ES.jsp" itemprop="url"><span itemprop="name" id="description_text">SALSA GALLO SUPER BOLOÑESA 350 G</span></a>            <!--informacion de gluten y calorias -->        <div class="info_container">                            <span class="calories">116 <span>kcal</span></span>                <a class="info" title="Producto con 116 kilocalorías" href="javascript:void(0);">                    <span class="info_text">Producto con 116 kilocalorías.</span>                </a>                                                            <img class="info_icon" alt="10% Descuento para suscriptores Condisline Prime" src="//static.condisline.com/resize_39x39/images/product_icons/icon_subscription.png" width="39" height="39">                                            <a class="info" title="10% Descuento para suscriptores Condisline Prime" href="javascript:void(0);">                            <span class="info_text">10% Descuento para suscriptores Condisline Prime</span>                        </a>                                                        </div>        <img class="article_image" alt="SALSA GALLO SUPER BOLOÑESA 350 G" data-original="//static.condisline.com/resize_190x200/images/catalog/large/110491.jpg" src="//static.condisline.com/resize_190x200/images/catalog/large/110491.jpg" width="190" height="200" style="display: block;">        <meta itemprop="image" content="//static.condisline.com/resize_190x200/images/catalog/large/110491.jpg">        <div class="article_price_container" itemprop="offers" itemscope="" itemtype="http://schema.org/Offer">            <!-- Price -->                                            <span class="article_price" itemprop="price"><span id="list_price_110491">3,39</span></span>                <span class="currency">€</span>                <script>                    formatNumber('3.39', 'list_price_110491');                </script>                        <meta itemprop="priceCurrency" content="EUR">            <div class="unit_container">                                    <a class="substract_button" title="Menos" href="javascript:void(0);">-</a>                                <label class="quantity_container">                                                                        <input class="input_quantity_product" id="item_quantity_110491" type="number" data-product="110491" value="" min="1" max="999" required="" autocomplete="off">                                                            </label>                                    <a class="add_button" title="Más" href="javascript:void(0);">+</a>                    <a class="added_tick" title="Cambiar unidades" href="javascript:void(0);"></a>                            </div>                                                <div class="article_pum">                        <span>      9,69€/Kilo</span>                    </div>                                                                            <a data-product-id="110491" class="orange_button btn_add2cart" title="Añadir al carrito" onclick="dataLayer.push({event: 'event_gtm',category:'acciones usuario', action:'a�adir producto desde listado'})" href="javascript:addToCartFromItemList('110491')">AÑADIR AL CARRITO &gt;</a>                                        <span class="added_button">En carrito</span>                                    <a class="white_button" title="Añadir a mi lista" href="javascript:addToListFromItemList('110491')" onclick="dataLayer.push({event: 'event_gtm',category:'acciones usuario', action:'a�adir producto a lista'});">Añadir a mi lista</a>                                </div>                    <a class="article_link" title="Ver ficha de SALSA GALLO SUPER BOLOÑESA 350 G" href="/SALSA-GALLO-SUPER-BOLONESA-350-G_110491_prd_es_ES.jsp" onclick="javascript:callingTaggingEnpoints('')" itemprop="url"></a>                <div class="hover_container">            <div class="hover">                <div class="info_symbol"></div>            </div>        </div>                    </article>            </li>                    <li class="article" itemprop="itemListElement" itemscope="" itemtype="http://schema.org/Product">                    <article class="article_container" id="item_description_124170">            <a class="article_name" title="Ver ficha de AZAFRAN CONDIS EN RAMA 1 UNIDAD" href="/AZAFRAN-CONDIS-EN-RAMA-1-UNIDAD_124170_prd_es_ES.jsp" itemprop="url"><span itemprop="name" id="description_text">AZAFRAN CONDIS EN RAMA 1 UNIDAD</span></a>            <!--informacion de gluten y calorias -->        <div class="info_container">                                                            <img class="info_icon" alt="10% Descuento para suscriptores Condisline Prime" src="//static.condisline.com/resize_39x39/images/product_icons/icon_subscription.png" width="39" height="39">                                            <a class="info" title="10% Descuento para suscriptores Condisline Prime" href="javascript:void(0);">                            <span class="info_text">10% Descuento para suscriptores Condisline Prime</span>                        </a>                                                        <img class="info_icon" alt="Producto sin gluten" src="//static.condisline.com/resize_39x39/images/product_icons/no_gluten.png" width="39" height="39">                                            <a class="info" title="Producto sin gluten" href="javascript:void(0);">                            <span class="info_text">Producto sin gluten</span>                        </a>                                                        <img class="info_icon" alt="Marca propia" src="//static.condisline.com/resize_39x39/images/product_icons/marca_propia.png" width="39" height="39">                                            <a class="info" title="Marca propia" href="javascript:void(0);">                            <span class="info_text">Marca propia</span>                        </a>                                                        </div>        <img class="article_image" alt="AZAFRAN CONDIS EN RAMA 1 UNIDAD" data-original="//static.condisline.com/resize_190x200/images/catalog/large/124170.jpg" src="//static.condisline.com/resize_190x200/images/catalog/large/124170.jpg" width="190" height="200" style="display: block;">        <meta itemprop="image" content="//static.condisline.com/resize_190x200/images/catalog/large/124170.jpg">        <div class="article_price_container" itemprop="offers" itemscope="" itemtype="http://schema.org/Offer">            <!-- Price -->                                            <span class="article_price" itemprop="price"><span id="list_price_124170">1,05</span></span>                <span class="currency">€</span>                <script>                    formatNumber('1.05', 'list_price_124170');                </script>                        <meta itemprop="priceCurrency" content="EUR">            <div class="unit_container">                                    <a class="substract_button" title="Menos" href="javascript:void(0);">-</a>                                <label class="quantity_container">                                                                        <input class="input_quantity_product" id="item_quantity_124170" type="number" data-product="124170" value="" min="1" max="999" required="" autocomplete="off">                                                            </label>                                    <a class="add_button" title="Más" href="javascript:void(0);">+</a>                    <a class="added_tick" title="Cambiar unidades" href="javascript:void(0);"></a>                            </div>                                                <div class="article_pum">                        <span>&nbsp;</span>                    </div>                                                                            <a data-product-id="124170" class="orange_button btn_add2cart" title="Añadir al carrito" onclick="dataLayer.push({event: 'event_gtm',category:'acciones usuario', action:'a�adir producto desde listado'})" href="javascript:addToCartFromItemList('124170')">AÑADIR AL CARRITO &gt;</a>                                        <span class="added_button">En carrito</span>                                    <a class="white_button" title="Añadir a mi lista" href="javascript:addToListFromItemList('124170')" onclick="dataLayer.push({event: 'event_gtm',category:'acciones usuario', action:'a�adir producto a lista'});">Añadir a mi lista</a>                                </div>                    <a class="article_link" title="Ver ficha de AZAFRAN CONDIS EN RAMA 1 UNIDAD" href="/AZAFRAN-CONDIS-EN-RAMA-1-UNIDAD_124170_prd_es_ES.jsp" onclick="javascript:callingTaggingEnpoints('')" itemprop="url"></a>                <div class="hover_container">            <div class="hover">                <div class="info_symbol"></div>            </div>        </div>                    </article>            </li>                    <li class="article" itemprop="itemListElement" itemscope="" itemtype="http://schema.org/Product">                    <article class="article_container" id="item_description_124169">            <a class="article_name" title="Ver ficha de CANELA CONDIS EN RAMA 1 UNIDAD" href="/CANELA-CONDIS-EN-RAMA-1-UNIDAD_124169_prd_es_ES.jsp" itemprop="url"><span itemprop="name" id="description_text">CANELA CONDIS EN RAMA 1 UNIDAD</span></a>            <!--informacion de gluten y calorias -->        <div class="info_container">                                                            <img class="info_icon" alt="10% Descuento para suscriptores Condisline Prime" src="//static.condisline.com/resize_39x39/images/product_icons/icon_subscription.png" width="39" height="39">                                            <a class="info" title="10% Descuento para suscriptores Condisline Prime" href="javascript:void(0);">                            <span class="info_text">10% Descuento para suscriptores Condisline Prime</span>                        </a>                                                        <img class="info_icon" alt="Producto sin gluten" src="//static.condisline.com/resize_39x39/images/product_icons/no_gluten.png" width="39" height="39">                                            <a class="info" title="Producto sin gluten" href="javascript:void(0);">                            <span class="info_text">Producto sin gluten</span>                        </a>                                                        <img class="info_icon" alt="Marca propia" src="//static.condisline.com/resize_39x39/images/product_icons/marca_propia.png" width="39" height="39">                                            <a class="info" title="Marca propia" href="javascript:void(0);">                            <span class="info_text">Marca propia</span>                        </a>                                                        </div>        <img class="article_image" alt="CANELA CONDIS EN RAMA 1 UNIDAD" data-original="//static.condisline.com/resize_190x200/images/catalog/large/124169.jpg" src="//static.condisline.com/resize_190x200/images/catalog/large/124169.jpg" width="190" height="200" style="display: block;">        <meta itemprop="image" content="//static.condisline.com/resize_190x200/images/catalog/large/124169.jpg">        <div class="article_price_container" itemprop="offers" itemscope="" itemtype="http://schema.org/Offer">            <!-- Price -->                                            <span class="article_price" itemprop="price"><span id="list_price_124169">0,85</span></span>                <span class="currency">€</span>                <script>                    formatNumber('0.85', 'list_price_124169');                </script>                        <meta itemprop="priceCurrency" content="EUR">            <div class="unit_container">                                    <a class="substract_button" title="Menos" href="javascript:void(0);">-</a>                                <label class="quantity_container">                                                                        <input class="input_quantity_product" id="item_quantity_124169" type="number" data-product="124169" value="" min="1" max="999" required="" autocomplete="off">                                                            </label>                                    <a class="add_button" title="Más" href="javascript:void(0);">+</a>                    <a class="added_tick" title="Cambiar unidades" href="javascript:void(0);"></a>                            </div>                                                <div class="article_pum">                        <span>     70,83€/Kilo</span>                    </div>                                                                            <a data-product-id="124169" class="orange_button btn_add2cart" title="Añadir al carrito" onclick="dataLayer.push({event: 'event_gtm',category:'acciones usuario', action:'a�adir producto desde listado'})" href="javascript:addToCartFromItemList('124169')">AÑADIR AL CARRITO &gt;</a>                                        <span class="added_button">En carrito</span>                                    <a class="white_button" title="Añadir a mi lista" href="javascript:addToListFromItemList('124169')" onclick="dataLayer.push({event: 'event_gtm',category:'acciones usuario', action:'a�adir producto a lista'});">Añadir a mi lista</a>                                </div>                    <a class="article_link" title="Ver ficha de CANELA CONDIS EN RAMA 1 UNIDAD" href="/CANELA-CONDIS-EN-RAMA-1-UNIDAD_124169_prd_es_ES.jsp" onclick="javascript:callingTaggingEnpoints('')" itemprop="url"></a>                <div class="hover_container">            <div class="hover">                <div class="info_symbol"></div>            </div>        </div>                    </article>            </li>                    <li class="article" itemprop="itemListElement" itemscope="" itemtype="http://schema.org/Product">                    <article class="article_container" id="item_description_122099">            <a class="article_name" title="Ver ficha de SOFRITO CONDIS ECO 340 G" href="/SOFRITO-CONDIS-ECO-340-G_122099_prd_es_ES.jsp" itemprop="url"><span itemprop="name" id="description_text">SOFRITO CONDIS ECO 340 G</span></a>            <!--informacion de gluten y calorias -->        <div class="info_container">                            <span class="calories">47 <span>kcal</span></span>                <a class="info" title="Producto con 47 kilocalorías" href="javascript:void(0);">                    <span class="info_text">Producto con 47 kilocalorías.</span>                </a>                                                            <img class="info_icon" alt="10% Descuento para suscriptores Condisline Prime" src="//static.condisline.com/resize_39x39/images/product_icons/icon_subscription.png" width="39" height="39">                                            <a class="info" title="10% Descuento para suscriptores Condisline Prime" href="javascript:void(0);">                            <span class="info_text">10% Descuento para suscriptores Condisline Prime</span>                        </a>                                                        <img class="info_icon" alt="Producto sin gluten" src="//static.condisline.com/resize_39x39/images/product_icons/no_gluten.png" width="39" height="39">                                            <a class="info" title="Producto sin gluten" href="javascript:void(0);">                            <span class="info_text">Producto sin gluten</span>                        </a>                                                        <img class="info_icon" alt="Producto ecológico" src="//static.condisline.com/resize_39x39/images/product_icons/icon_eco.jpg" width="39" height="39">                                            <a class="info" title="Producto ecológico" href="javascript:void(0);">                            <span class="info_text">Producto ecológico</span>                        </a>                                                        <img class="info_icon" alt="Marca propia" src="//static.condisline.com/resize_39x39/images/product_icons/marca_propia.png" width="39" height="39">                                            <a class="info" title="Marca propia" href="javascript:void(0);">                            <span class="info_text">Marca propia</span>                        </a>                                                        </div>        <img class="article_image" alt="SOFRITO CONDIS ECO 340 G" data-original="//static.condisline.com/resize_190x200/images/catalog/large/122099.jpg" src="//static.condisline.com/resize_190x200/images/catalog/large/122099.jpg" width="190" height="200" style="display: block;">        <meta itemprop="image" content="//static.condisline.com/resize_190x200/images/catalog/large/122099.jpg">        <div class="article_price_container" itemprop="offers" itemscope="" itemtype="http://schema.org/Offer">            <!-- Price -->                                            <span class="article_price" itemprop="price"><span id="list_price_122099">2,79</span></span>                <span class="currency">€</span>                <script>                    formatNumber('2.79', 'list_price_122099');                </script>                        <meta itemprop="priceCurrency" content="EUR">            <div class="unit_container">                                    <a class="substract_button" title="Menos" href="javascript:void(0);">-</a>                                <label class="quantity_container">                                                                        <input class="input_quantity_product" id="item_quantity_122099" type="number" data-product="122099" value="" min="1" max="999" required="" autocomplete="off">                                                            </label>                                    <a class="add_button" title="Más" href="javascript:void(0);">+</a>                    <a class="added_tick" title="Cambiar unidades" href="javascript:void(0);"></a>                            </div>                                                <div class="article_pum">                        <span>      8,21€/Kilo</span>                    </div>                                                                            <a data-product-id="122099" class="orange_button btn_add2cart" title="Añadir al carrito" onclick="dataLayer.push({event: 'event_gtm',category:'acciones usuario', action:'a�adir producto desde listado'})" href="javascript:addToCartFromItemList('122099')">AÑADIR AL CARRITO &gt;</a>                                        <span class="added_button">En carrito</span>                                    <a class="white_button" title="Añadir a mi lista" href="javascript:addToListFromItemList('122099')" onclick="dataLayer.push({event: 'event_gtm',category:'acciones usuario', action:'a�adir producto a lista'});">Añadir a mi lista</a>                                </div>                    <a class="article_link" title="Ver ficha de SOFRITO CONDIS ECO 340 G" href="/SOFRITO-CONDIS-ECO-340-G_122099_prd_es_ES.jsp" onclick="javascript:callingTaggingEnpoints('')" itemprop="url"></a>                <div class="hover_container">            <div class="hover">                <div class="info_symbol"></div>            </div>        </div>                    </article>            </li>                    <li class="article" itemprop="itemListElement" itemscope="" itemtype="http://schema.org/Product">                    <article class="article_container" id="item_description_124332">            <a class="article_name" title="Ver ficha de SAZONADOR AJO Y PEREJIL DANI 22 G" href="/SAZONADOR-AJO-Y-PEREJIL-DANI-22-G_124332_prd_es_ES.jsp" itemprop="url"><span itemprop="name" id="description_text">SAZONADOR AJO Y PEREJIL DANI 22 G</span></a>            <!--informacion de gluten y calorias -->        <div class="info_container">                                                            <img class="info_icon" alt="10% Descuento para suscriptores Condisline Prime" src="//static.condisline.com/resize_39x39/images/product_icons/icon_subscription.png" width="39" height="39">                                            <a class="info" title="10% Descuento para suscriptores Condisline Prime" href="javascript:void(0);">                            <span class="info_text">10% Descuento para suscriptores Condisline Prime</span>                        </a>                                                        </div>        <img class="article_image" alt="SAZONADOR AJO Y PEREJIL DANI 22 G" data-original="//static.condisline.com/resize_190x200/images/catalog/large/124332.jpg" src="//static.condisline.com/resize_190x200/images/catalog/large/124332.jpg" width="190" height="200" style="display: block;">        <meta itemprop="image" content="//static.condisline.com/resize_190x200/images/catalog/large/124332.jpg">        <div class="article_price_container" itemprop="offers" itemscope="" itemtype="http://schema.org/Offer">            <!-- Price -->                                            <span class="article_price" itemprop="price"><span id="list_price_124332">1,45</span></span>                <span class="currency">€</span>                <script>                    formatNumber('1.45', 'list_price_124332');                </script>                        <meta itemprop="priceCurrency" content="EUR">            <div class="unit_container">                                    <a class="substract_button" title="Menos" href="javascript:void(0);">-</a>                                <label class="quantity_container">                                                                        <input class="input_quantity_product" id="item_quantity_124332" type="number" data-product="124332" value="" min="1" max="999" required="" autocomplete="off">                                                            </label>                                    <a class="add_button" title="Más" href="javascript:void(0);">+</a>                    <a class="added_tick" title="Cambiar unidades" href="javascript:void(0);"></a>                            </div>                                                <div class="article_pum">                        <span>     65,91€/Kilo</span>                    </div>                                                                            <a data-product-id="124332" class="orange_button btn_add2cart" title="Añadir al carrito" onclick="dataLayer.push({event: 'event_gtm',category:'acciones usuario', action:'a�adir producto desde listado'})" href="javascript:addToCartFromItemList('124332')">AÑADIR AL CARRITO &gt;</a>                                        <span class="added_button">En carrito</span>                                    <a class="white_button" title="Añadir a mi lista" href="javascript:addToListFromItemList('124332')" onclick="dataLayer.push({event: 'event_gtm',category:'acciones usuario', action:'a�adir producto a lista'});">Añadir a mi lista</a>                                </div>                    <a class="article_link" title="Ver ficha de SAZONADOR AJO Y PEREJIL DANI 22 G" href="/SAZONADOR-AJO-Y-PEREJIL-DANI-22-G_124332_prd_es_ES.jsp" onclick="javascript:callingTaggingEnpoints('')" itemprop="url"></a>                <div class="hover_container">            <div class="hover">                <div class="info_symbol"></div>            </div>        </div>                    </article>            </li>                    <li class="article" itemprop="itemListElement" itemscope="" itemtype="http://schema.org/Product">                    <article class="article_container" id="item_description_124331">            <a class="article_name" title="Ver ficha de CÚRCUMA MOLIDA DANI 45 G" href="/CURCUMA-MOLIDA-DANI-45-G_124331_prd_es_ES.jsp" itemprop="url"><span itemprop="name" id="description_text">CÚRCUMA MOLIDA DANI 45 G</span></a>            <!--informacion de gluten y calorias -->        <div class="info_container">                                                            <img class="info_icon" alt="10% Descuento para suscriptores Condisline Prime" src="//static.condisline.com/resize_39x39/images/product_icons/icon_subscription.png" width="39" height="39">                                            <a class="info" title="10% Descuento para suscriptores Condisline Prime" href="javascript:void(0);">                            <span class="info_text">10% Descuento para suscriptores Condisline Prime</span>                        </a>                                                        </div>        <img class="article_image" alt="CÚRCUMA MOLIDA DANI 45 G" data-original="//static.condisline.com/resize_190x200/images/catalog/large/124331.jpg" src="//static.condisline.com/resize_190x200/images/catalog/large/124331.jpg" width="190" height="200" style="display: block;">        <meta itemprop="image" content="//static.condisline.com/resize_190x200/images/catalog/large/124331.jpg">        <div class="article_price_container" itemprop="offers" itemscope="" itemtype="http://schema.org/Offer">            <!-- Price -->                                            <span class="article_price" itemprop="price"><span id="list_price_124331">1,29</span></span>                <span class="currency">€</span>                <script>                    formatNumber('1.29', 'list_price_124331');                </script>                        <meta itemprop="priceCurrency" content="EUR">            <div class="unit_container">                                    <a class="substract_button" title="Menos" href="javascript:void(0);">-</a>                                <label class="quantity_container">                                                                        <input class="input_quantity_product" id="item_quantity_124331" type="number" data-product="124331" value="" min="1" max="999" required="" autocomplete="off">                                                            </label>                                    <a class="add_button" title="Más" href="javascript:void(0);">+</a>                    <a class="added_tick" title="Cambiar unidades" href="javascript:void(0);"></a>                            </div>                                                <div class="article_pum">                        <span>     28,67€/Kilo</span>                    </div>                                                                            <a data-product-id="124331" class="orange_button btn_add2cart" title="Añadir al carrito" onclick="dataLayer.push({event: 'event_gtm',category:'acciones usuario', action:'a�adir producto desde listado'})" href="javascript:addToCartFromItemList('124331')">AÑADIR AL CARRITO &gt;</a>                                        <span class="added_button">En carrito</span>                                    <a class="white_button" title="Añadir a mi lista" href="javascript:addToListFromItemList('124331')" onclick="dataLayer.push({event: 'event_gtm',category:'acciones usuario', action:'a�adir producto a lista'});">Añadir a mi lista</a>                                </div>                    <a class="article_link" title="Ver ficha de CÚRCUMA MOLIDA DANI 45 G" href="/CURCUMA-MOLIDA-DANI-45-G_124331_prd_es_ES.jsp" onclick="javascript:callingTaggingEnpoints('')" itemprop="url"></a>                <div class="hover_container">            <div class="hover">                <div class="info_symbol"></div>            </div>        </div>                    </article>            </li>                    <li class="article" itemprop="itemListElement" itemscope="" itemtype="http://schema.org/Product">                    <article class="article_container" id="item_description_122034">            <a class="article_name" title="Ver ficha de SALSA FRESCA CONDIS 4 QUESOS 180 G" href="/SALSA-FRESCA-CONDIS-4-QUESOS-180-G_122034_prd_es_ES.jsp" itemprop="url"><span itemprop="name" id="description_text">SALSA FRESCA CONDIS 4 QUESOS 180 G</span></a>            <!--informacion de gluten y calorias -->        <div class="info_container">                                                            <img class="info_icon" alt="10% Descuento para suscriptores Condisline Prime" src="//static.condisline.com/resize_39x39/images/product_icons/icon_subscription.png" width="39" height="39">                                            <a class="info" title="10% Descuento para suscriptores Condisline Prime" href="javascript:void(0);">                            <span class="info_text">10% Descuento para suscriptores Condisline Prime</span>                        </a>                                                        <img class="info_icon" alt="Marca propia" src="//static.condisline.com/resize_39x39/images/product_icons/marca_propia.png" width="39" height="39">                                            <a class="info" title="Marca propia" href="javascript:void(0);">                            <span class="info_text">Marca propia</span>                        </a>                                                        </div>        <img class="article_image" alt="SALSA FRESCA CONDIS 4 QUESOS 180 G" data-original="//static.condisline.com/resize_190x200/images/catalog/large/122034.jpg" src="//static.condisline.com/resize_190x200/images/catalog/large/122034.jpg" width="190" height="200" style="display: block;">        <meta itemprop="image" content="//static.condisline.com/resize_190x200/images/catalog/large/122034.jpg">        <div class="article_price_container" itemprop="offers" itemscope="" itemtype="http://schema.org/Offer">            <!-- Price -->                                            <span class="article_price" itemprop="price"><span id="list_price_122034">1,45</span></span>                <span class="currency">€</span>                <script>                    formatNumber('1.45', 'list_price_122034');                </script>                        <meta itemprop="priceCurrency" content="EUR">            <div class="unit_container">                                    <a class="substract_button" title="Menos" href="javascript:void(0);">-</a>                                <label class="quantity_container">                                                                        <input class="input_quantity_product" id="item_quantity_122034" type="number" data-product="122034" value="" min="1" max="999" required="" autocomplete="off">                                                            </label>                                    <a class="add_button" title="Más" href="javascript:void(0);">+</a>                    <a class="added_tick" title="Cambiar unidades" href="javascript:void(0);"></a>                            </div>                                                <div class="article_pum">                        <span>      8,06€/Kilo</span>                    </div>                                                                            <a data-product-id="122034" class="orange_button btn_add2cart" title="Añadir al carrito" onclick="dataLayer.push({event: 'event_gtm',category:'acciones usuario', action:'a�adir producto desde listado'})" href="javascript:addToCartFromItemList('122034')">AÑADIR AL CARRITO &gt;</a>                                        <span class="added_button">En carrito</span>                                    <a class="white_button" title="Añadir a mi lista" href="javascript:addToListFromItemList('122034')" onclick="dataLayer.push({event: 'event_gtm',category:'acciones usuario', action:'a�adir producto a lista'});">Añadir a mi lista</a>                                </div>                    <a class="article_link" title="Ver ficha de SALSA FRESCA CONDIS 4 QUESOS 180 G" href="/SALSA-FRESCA-CONDIS-4-QUESOS-180-G_122034_prd_es_ES.jsp" onclick="javascript:callingTaggingEnpoints('')" itemprop="url"></a>                <div class="hover_container">            <div class="hover">                <div class="info_symbol"></div>            </div>        </div>                    </article>            </li>                    <li class="article" itemprop="itemListElement" itemscope="" itemtype="http://schema.org/Product">                    <article class="article_container" id="item_description_112029">            <a class="article_name" title="Ver ficha de SAL COSTA GRUESA NATURAL 1 KG" href="/SAL-COSTA-GRUESA-NATURAL-1-KG_112029_prd_es_ES.jsp" itemprop="url"><span itemprop="name" id="description_text">SAL COSTA GRUESA NATURAL 1 KG</span></a>            <!--informacion de gluten y calorias -->        <div class="info_container">                                                            <img class="info_icon" alt="10% Descuento para suscriptores Condisline Prime" src="//static.condisline.com/resize_39x39/images/product_icons/icon_subscription.png" width="39" height="39">                                            <a class="info" title="10% Descuento para suscriptores Condisline Prime" href="javascript:void(0);">                            <span class="info_text">10% Descuento para suscriptores Condisline Prime</span>                        </a>                                                        </div>        <img class="article_image" alt="SAL COSTA GRUESA NATURAL 1 KG" data-original="//static.condisline.com/resize_190x200/images/catalog/large/112029.jpg" src="//static.condisline.com/resize_190x200/images/catalog/large/112029.jpg" width="190" height="200" style="display: block;">        <meta itemprop="image" content="//static.condisline.com/resize_190x200/images/catalog/large/112029.jpg">        <div class="article_price_container" itemprop="offers" itemscope="" itemtype="http://schema.org/Offer">            <!-- Price -->                                            <span class="article_price" itemprop="price"><span id="list_price_112029">0,90</span></span>                <span class="currency">€</span>                <script>                    formatNumber('0.9', 'list_price_112029');                </script>                        <meta itemprop="priceCurrency" content="EUR">            <div class="unit_container">                                    <a class="substract_button" title="Menos" href="javascript:void(0);">-</a>                                <label class="quantity_container">                                                                        <input class="input_quantity_product" id="item_quantity_112029" type="number" data-product="112029" value="" min="1" max="999" required="" autocomplete="off">                                                            </label>                                    <a class="add_button" title="Más" href="javascript:void(0);">+</a>                    <a class="added_tick" title="Cambiar unidades" href="javascript:void(0);"></a>                            </div>                                                <div class="article_pum">                        <span>      0,90€/Kilo</span>                    </div>                                                                            <a data-product-id="112029" class="orange_button btn_add2cart" title="Añadir al carrito" onclick="dataLayer.push({event: 'event_gtm',category:'acciones usuario', action:'a�adir producto desde listado'})" href="javascript:addToCartFromItemList('112029')">AÑADIR AL CARRITO &gt;</a>                                        <span class="added_button">En carrito</span>                                    <a class="white_button" title="Añadir a mi lista" href="javascript:addToListFromItemList('112029')" onclick="dataLayer.push({event: 'event_gtm',category:'acciones usuario', action:'a�adir producto a lista'});">Añadir a mi lista</a>                                </div>                    <a class="article_link" title="Ver ficha de SAL COSTA GRUESA NATURAL 1 KG" href="/SAL-COSTA-GRUESA-NATURAL-1-KG_112029_prd_es_ES.jsp" onclick="javascript:callingTaggingEnpoints('')" itemprop="url"></a>                <div class="hover_container">            <div class="hover">                <div class="info_symbol"></div>            </div>        </div>                    </article>            </li>                    <li class="article" itemprop="itemListElement" itemscope="" itemtype="http://schema.org/Product">                    <article class="article_container" id="item_description_110462">            <a class="article_name" title="Ver ficha de MOSTAZA PRIMA ORIGINAL PET 265 G" href="/MOSTAZA-PRIMA-ORIGINAL-PET-265-G_110462_prd_es_ES.jsp" itemprop="url"><span itemprop="name" id="description_text">MOSTAZA PRIMA ORIGINAL PET 265 G</span></a>            <!--informacion de gluten y calorias -->        <div class="info_container">                                                            <img class="info_icon" alt="10% Descuento para suscriptores Condisline Prime" src="//static.condisline.com/resize_39x39/images/product_icons/icon_subscription.png" width="39" height="39">                                            <a class="info" title="10% Descuento para suscriptores Condisline Prime" href="javascript:void(0);">                            <span class="info_text">10% Descuento para suscriptores Condisline Prime</span>                        </a>                                                        </div>        <img class="article_image" alt="MOSTAZA PRIMA ORIGINAL PET 265 G" data-original="//static.condisline.com/resize_190x200/images/catalog/large/110462.jpg" src="//static.condisline.com/resize_190x200/images/catalog/large/110462.jpg" width="190" height="200" style="display: block;">        <meta itemprop="image" content="//static.condisline.com/resize_190x200/images/catalog/large/110462.jpg">        <div class="article_price_container" itemprop="offers" itemscope="" itemtype="http://schema.org/Offer">            <!-- Price -->                                            <span class="article_price" itemprop="price"><span id="list_price_110462">1,79</span></span>                <span class="currency">€</span>                <script>                    formatNumber('1.79', 'list_price_110462');                </script>                        <meta itemprop="priceCurrency" content="EUR">            <div class="unit_container">                                    <a class="substract_button" title="Menos" href="javascript:void(0);">-</a>                                <label class="quantity_container">                                                                        <input class="input_quantity_product" id="item_quantity_110462" type="number" data-product="110462" value="" min="1" max="999" required="" autocomplete="off">                                                            </label>                                    <a class="add_button" title="Más" href="javascript:void(0);">+</a>                    <a class="added_tick" title="Cambiar unidades" href="javascript:void(0);"></a>                            </div>                                                <div class="article_pum">                        <span>      6,75€/Kilo</span>                    </div>                                                                            <a data-product-id="110462" class="orange_button btn_add2cart" title="Añadir al carrito" onclick="dataLayer.push({event: 'event_gtm',category:'acciones usuario', action:'a�adir producto desde listado'})" href="javascript:addToCartFromItemList('110462')">AÑADIR AL CARRITO &gt;</a>                                        <span class="added_button">En carrito</span>                                    <a class="white_button" title="Añadir a mi lista" href="javascript:addToListFromItemList('110462')" onclick="dataLayer.push({event: 'event_gtm',category:'acciones usuario', action:'a�adir producto a lista'});">Añadir a mi lista</a>                                </div>                    <a class="article_link" title="Ver ficha de MOSTAZA PRIMA ORIGINAL PET 265 G" href="/MOSTAZA-PRIMA-ORIGINAL-PET-265-G_110462_prd_es_ES.jsp" onclick="javascript:callingTaggingEnpoints('')" itemprop="url"></a>                <div class="hover_container">            <div class="hover">                <div class="info_symbol"></div>            </div>        </div>                    </article>            </li>                    <li class="article" itemprop="itemListElement" itemscope="" itemtype="http://schema.org/Product">                    <article class="article_container" id="item_description_102124">            <a class="article_name" title="Ver ficha de MAYONESA YBARRA TRADIC SIN GLUTEN 450 G" href="/MAYONESA-YBARRA-TRADIC-SIN-GLUTEN-450-G_102124_prd_es_ES.jsp" itemprop="url"><span itemprop="name" id="description_text">MAYONESA YBARRA TRADIC SIN GLUTEN 450 G</span></a>            <!--informacion de gluten y calorias -->        <div class="info_container">                            <span class="calories">641 <span>kcal</span></span>                <a class="info" title="Producto con 641 kilocalorías" href="javascript:void(0);">                    <span class="info_text">Producto con 641 kilocalorías.</span>                </a>                                                            <img class="info_icon" alt="10% Descuento para suscriptores Condisline Prime" src="//static.condisline.com/resize_39x39/images/product_icons/icon_subscription.png" width="39" height="39">                                            <a class="info" title="10% Descuento para suscriptores Condisline Prime" href="javascript:void(0);">                            <span class="info_text">10% Descuento para suscriptores Condisline Prime</span>                        </a>                                                        <img class="info_icon" alt="Producto sin gluten" src="//static.condisline.com/resize_39x39/images/product_icons/no_gluten.png" width="39" height="39">                                            <a class="info" title="Producto sin gluten" href="javascript:void(0);">                            <span class="info_text">Producto sin gluten</span>                        </a>                                                        </div>        <img class="article_image" alt="MAYONESA YBARRA TRADIC SIN GLUTEN 450 G" data-original="//static.condisline.com/resize_190x200/images/catalog/large/102124.jpg" src="//static.condisline.com/resize_190x200/images/catalog/large/102124.jpg" width="190" height="200" style="display: block;">        <meta itemprop="image" content="//static.condisline.com/resize_190x200/images/catalog/large/102124.jpg">        <div class="article_price_container" itemprop="offers" itemscope="" itemtype="http://schema.org/Offer">            <!-- Price -->                                            <span class="article_price" itemprop="price"><span id="list_price_102124">2,45</span></span>                <span class="currency">€</span>                <script>                    formatNumber('2.45', 'list_price_102124');                </script>                        <meta itemprop="priceCurrency" content="EUR">            <div class="unit_container">                                    <a class="substract_button" title="Menos" href="javascript:void(0);">-</a>                                <label class="quantity_container">                                                                        <input class="input_quantity_product" id="item_quantity_102124" type="number" data-product="102124" value="" min="1" max="999" required="" autocomplete="off">                                                            </label>                                    <a class="add_button" title="Más" href="javascript:void(0);">+</a>                    <a class="added_tick" title="Cambiar unidades" href="javascript:void(0);"></a>                            </div>                                                <div class="article_pum">                        <span>      5,44€/Kilo</span>                    </div>                                                                            <a data-product-id="102124" class="orange_button btn_add2cart" title="Añadir al carrito" onclick="dataLayer.push({event: 'event_gtm',category:'acciones usuario', action:'a�adir producto desde listado'})" href="javascript:addToCartFromItemList('102124')">AÑADIR AL CARRITO &gt;</a>                                        <span class="added_button">En carrito</span>                                    <a class="white_button" title="Añadir a mi lista" href="javascript:addToListFromItemList('102124')" onclick="dataLayer.push({event: 'event_gtm',category:'acciones usuario', action:'a�adir producto a lista'});">Añadir a mi lista</a>                                </div>                    <a class="article_link" title="Ver ficha de MAYONESA YBARRA TRADIC SIN GLUTEN 450 G" href="/MAYONESA-YBARRA-TRADIC-SIN-GLUTEN-450-G_102124_prd_es_ES.jsp" onclick="javascript:callingTaggingEnpoints('')" itemprop="url"></a>                <div class="hover_container">            <div class="hover">                <div class="info_symbol"></div>            </div>        </div>                    </article>            </li>                    <li class="article" itemprop="itemListElement" itemscope="" itemtype="http://schema.org/Product">                    <article class="article_container" id="item_description_720690">            <a class="article_name" title="Ver ficha de KETCHUP ORLANDO BARRILITO 300 G" href="/KETCHUP-ORLANDO-BARRILITO-300-G_720690_prd_es_ES.jsp" itemprop="url"><span itemprop="name" id="description_text">KETCHUP ORLANDO BARRILITO 300 G</span></a>            <!--informacion de gluten y calorias -->        <div class="info_container">                            <span class="calories">95 <span>kcal</span></span>                <a class="info" title="Producto con 95 kilocalorías" href="javascript:void(0);">                    <span class="info_text">Producto con 95 kilocalorías.</span>                </a>                                                            <img class="info_icon" alt="10% Descuento para suscriptores Condisline Prime" src="//static.condisline.com/resize_39x39/images/product_icons/icon_subscription.png" width="39" height="39">                                            <a class="info" title="10% Descuento para suscriptores Condisline Prime" href="javascript:void(0);">                            <span class="info_text">10% Descuento para suscriptores Condisline Prime</span>                        </a>                                                        </div>        <img class="article_image" alt="KETCHUP ORLANDO BARRILITO 300 G" data-original="//static.condisline.com/resize_190x200/images/catalog/large/720690.jpg" src="//static.condisline.com/resize_190x200/images/catalog/large/720690.jpg" width="190" height="200" style="display: block;">        <meta itemprop="image" content="//static.condisline.com/resize_190x200/images/catalog/large/720690.jpg">        <div class="article_price_container" itemprop="offers" itemscope="" itemtype="http://schema.org/Offer">            <!-- Price -->                                            <span class="article_price" itemprop="price"><span id="list_price_720690">1,45</span></span>                <span class="currency">€</span>                <script>                    formatNumber('1.45', 'list_price_720690');                </script>                        <meta itemprop="priceCurrency" content="EUR">            <div class="unit_container">                                    <a class="substract_button" title="Menos" href="javascript:void(0);">-</a>                                <label class="quantity_container">                                                                        <input class="input_quantity_product" id="item_quantity_720690" type="number" data-product="720690" value="" min="1" max="999" required="" autocomplete="off">                                                            </label>                                    <a class="add_button" title="Más" href="javascript:void(0);">+</a>                    <a class="added_tick" title="Cambiar unidades" href="javascript:void(0);"></a>                            </div>                                                <div class="article_pum">                        <span>      4,83€/Kilo</span>                    </div>                                                                            <a data-product-id="720690" class="orange_button btn_add2cart" title="Añadir al carrito" onclick="dataLayer.push({event: 'event_gtm',category:'acciones usuario', action:'a�adir producto desde listado'})" href="javascript:addToCartFromItemList('720690')">AÑADIR AL CARRITO &gt;</a>                                        <span class="added_button">En carrito</span>                                    <a class="white_button" title="Añadir a mi lista" href="javascript:addToListFromItemList('720690')" onclick="dataLayer.push({event: 'event_gtm',category:'acciones usuario', action:'a�adir producto a lista'});">Añadir a mi lista</a>                                </div>                    <a class="article_link" title="Ver ficha de KETCHUP ORLANDO BARRILITO 300 G" href="/KETCHUP-ORLANDO-BARRILITO-300-G_720690_prd_es_ES.jsp" onclick="javascript:callingTaggingEnpoints('')" itemprop="url"></a>                <div class="hover_container">            <div class="hover">                <div class="info_symbol"></div>            </div>        </div>                    </article>            </li>                    <li class="article" itemprop="itemListElement" itemscope="" itemtype="http://schema.org/Product">                    <article class="article_container" id="item_description_519009">            <a class="article_name" title="Ver ficha de SALSA FERRER ROMESCO 130 G" href="/SALSA-FERRER-ROMESCO-130-G_519009_prd_es_ES.jsp" itemprop="url"><span itemprop="name" id="description_text">SALSA FERRER ROMESCO 130 G</span></a>            <!--informacion de gluten y calorias -->        <div class="info_container">                            <span class="calories">423 <span>kcal</span></span>                <a class="info" title="Producto con 423 kilocalorías" href="javascript:void(0);">                    <span class="info_text">Producto con 423 kilocalorías.</span>                </a>                                                            <img class="info_icon" alt="10% Descuento para suscriptores Condisline Prime" src="//static.condisline.com/resize_39x39/images/product_icons/icon_subscription.png" width="39" height="39">                                            <a class="info" title="10% Descuento para suscriptores Condisline Prime" href="javascript:void(0);">                            <span class="info_text">10% Descuento para suscriptores Condisline Prime</span>                        </a>                                                        </div>        <img class="article_image" alt="SALSA FERRER ROMESCO 130 G" data-original="//static.condisline.com/resize_190x200/images/catalog/large/519009.jpg" src="//static.condisline.com/resize_190x200/images/catalog/large/519009.jpg" width="190" height="200" style="display: block;">        <meta itemprop="image" content="//static.condisline.com/resize_190x200/images/catalog/large/519009.jpg">        <div class="article_price_container" itemprop="offers" itemscope="" itemtype="http://schema.org/Offer">            <!-- Price -->                                            <span class="article_price" itemprop="price"><span id="list_price_519009">1,80</span></span>                <span class="currency">€</span>                <script>                    formatNumber('1.8', 'list_price_519009');                </script>                        <meta itemprop="priceCurrency" content="EUR">            <div class="unit_container">                                    <a class="substract_button" title="Menos" href="javascript:void(0);">-</a>                                <label class="quantity_container">                                                                        <input class="input_quantity_product" id="item_quantity_519009" type="number" data-product="519009" value="" min="1" max="999" required="" autocomplete="off">                                                            </label>                                    <a class="add_button" title="Más" href="javascript:void(0);">+</a>                    <a class="added_tick" title="Cambiar unidades" href="javascript:void(0);"></a>                            </div>                                                <div class="article_pum">                        <span>     13,85€/Kilo</span>                    </div>                                                                            <a data-product-id="519009" class="orange_button btn_add2cart" title="Añadir al carrito" onclick="dataLayer.push({event: 'event_gtm',category:'acciones usuario', action:'a�adir producto desde listado'})" href="javascript:addToCartFromItemList('519009')">AÑADIR AL CARRITO &gt;</a>                                        <span class="added_button">En carrito</span>                                    <a class="white_button" title="Añadir a mi lista" href="javascript:addToListFromItemList('519009')" onclick="dataLayer.push({event: 'event_gtm',category:'acciones usuario', action:'a�adir producto a lista'});">Añadir a mi lista</a>                                </div>                    <a class="article_link" title="Ver ficha de SALSA FERRER ROMESCO 130 G" href="/SALSA-FERRER-ROMESCO-130-G_519009_prd_es_ES.jsp" onclick="javascript:callingTaggingEnpoints('')" itemprop="url"></a>                <div class="hover_container">            <div class="hover">                <div class="info_symbol"></div>            </div>        </div>                    </article>            </li>                    <li class="article" itemprop="itemListElement" itemscope="" itemtype="http://schema.org/Product">                    <article class="article_container" id="item_description_110502">            <a class="article_name" title="Ver ficha de SALSA PRIMA BARBACOA CERO 265 G" href="/SALSA-PRIMA-BARBACOA-CERO-265-G_110502_prd_es_ES.jsp" itemprop="url"><span itemprop="name" id="description_text">SALSA PRIMA BARBACOA CERO 265 G</span></a>            <!--informacion de gluten y calorias -->        <div class="info_container">                            <span class="calories">37 <span>kcal</span></span>                <a class="info" title="Producto con 37 kilocalorías" href="javascript:void(0);">                    <span class="info_text">Producto con 37 kilocalorías.</span>                </a>                                                            <img class="info_icon" alt="10% Descuento para suscriptores Condisline Prime" src="//static.condisline.com/resize_39x39/images/product_icons/icon_subscription.png" width="39" height="39">                                            <a class="info" title="10% Descuento para suscriptores Condisline Prime" href="javascript:void(0);">                            <span class="info_text">10% Descuento para suscriptores Condisline Prime</span>                        </a>                                                        <img class="info_icon" alt="Producto sin lactosa" src="//static.condisline.com/resize_39x39/images/product_icons/no_lactosa.png" width="39" height="39">                                            <a class="info" title="Producto sin lactosa" href="javascript:void(0);">                            <span class="info_text">Producto sin lactosa</span>                        </a>                                                        </div>        <img class="article_image" alt="SALSA PRIMA BARBACOA CERO 265 G" data-original="//static.condisline.com/resize_190x200/images/catalog/large/110502.jpg" src="//static.condisline.com/resize_190x200/images/catalog/large/110502.jpg" width="190" height="200" style="display: block;">        <meta itemprop="image" content="//static.condisline.com/resize_190x200/images/catalog/large/110502.jpg">        <div class="article_price_container" itemprop="offers" itemscope="" itemtype="http://schema.org/Offer">            <!-- Price -->                                            <span class="article_price" itemprop="price"><span id="list_price_110502">2,19</span></span>                <span class="currency">€</span>                <script>                    formatNumber('2.19', 'list_price_110502');                </script>                        <meta itemprop="priceCurrency" content="EUR">            <div class="unit_container">                                    <a class="substract_button" title="Menos" href="javascript:void(0);">-</a>                                <label class="quantity_container">                                                                        <input class="input_quantity_product" id="item_quantity_110502" type="number" data-product="110502" value="" min="1" max="999" required="" autocomplete="off">                                                            </label>                                    <a class="add_button" title="Más" href="javascript:void(0);">+</a>                    <a class="added_tick" title="Cambiar unidades" href="javascript:void(0);"></a>                            </div>                                                <div class="article_pum">                        <span>      8,26€/Kilo</span>                    </div>                                                                            <a data-product-id="110502" class="orange_button btn_add2cart" title="Añadir al carrito" onclick="dataLayer.push({event: 'event_gtm',category:'acciones usuario', action:'a�adir producto desde listado'})" href="javascript:addToCartFromItemList('110502')">AÑADIR AL CARRITO &gt;</a>                                        <span class="added_button">En carrito</span>                                    <a class="white_button" title="Añadir a mi lista" href="javascript:addToListFromItemList('110502')" onclick="dataLayer.push({event: 'event_gtm',category:'acciones usuario', action:'a�adir producto a lista'});">Añadir a mi lista</a>                                </div>                    <a class="article_link" title="Ver ficha de SALSA PRIMA BARBACOA CERO 265 G" href="/SALSA-PRIMA-BARBACOA-CERO-265-G_110502_prd_es_ES.jsp" onclick="javascript:callingTaggingEnpoints('')" itemprop="url"></a>                <div class="hover_container">            <div class="hover">                <div class="info_symbol"></div>            </div>        </div>                    </article>            </li>                    <li class="article" itemprop="itemListElement" itemscope="" itemtype="http://schema.org/Product">                    <article class="article_container" id="item_description_110084">            <a class="article_name" title="Ver ficha de SALSA HELLMANN'S BURGER 250 G" href="/SALSA-HELLMANN-S-BURGER-250-G_110084_prd_es_ES.jsp" itemprop="url"><span itemprop="name" id="description_text">SALSA HELLMANN'S BURGER 250 G</span></a>            <!--informacion de gluten y calorias -->        <div class="info_container">                            <span class="calories">250 <span>kcal</span></span>                <a class="info" title="Producto con 250 kilocalorías" href="javascript:void(0);">                    <span class="info_text">Producto con 250 kilocalorías.</span>                </a>                                                            <img class="info_icon" alt="10% Descuento para suscriptores Condisline Prime" src="//static.condisline.com/resize_39x39/images/product_icons/icon_subscription.png" width="39" height="39">                                            <a class="info" title="10% Descuento para suscriptores Condisline Prime" href="javascript:void(0);">                            <span class="info_text">10% Descuento para suscriptores Condisline Prime</span>                        </a>                                                        </div>        <img class="article_image" alt="SALSA HELLMANN'S BURGER 250 G" data-original="//static.condisline.com/resize_190x200/images/catalog/large/110084.jpg" src="//static.condisline.com/resize_190x200/images/catalog/large/110084.jpg" width="190" height="200" style="display: block;">        <meta itemprop="image" content="//static.condisline.com/resize_190x200/images/catalog/large/110084.jpg">        <div class="article_price_container" itemprop="offers" itemscope="" itemtype="http://schema.org/Offer">            <!-- Price -->                                            <span class="article_price" itemprop="price"><span id="list_price_110084">2,25</span></span>                <span class="currency">€</span>                <script>                    formatNumber('2.25', 'list_price_110084');                </script>                        <meta itemprop="priceCurrency" content="EUR">            <div class="unit_container">                                    <a class="substract_button" title="Menos" href="javascript:void(0);">-</a>                                <label class="quantity_container">                                                                        <input class="input_quantity_product" id="item_quantity_110084" type="number" data-product="110084" value="" min="1" max="999" required="" autocomplete="off">                                                            </label>                                    <a class="add_button" title="Más" href="javascript:void(0);">+</a>                    <a class="added_tick" title="Cambiar unidades" href="javascript:void(0);"></a>                            </div>                                                <div class="article_pum">                        <span>      9,00€/Kilo</span>                    </div>                                                                            <a data-product-id="110084" class="orange_button btn_add2cart" title="Añadir al carrito" onclick="dataLayer.push({event: 'event_gtm',category:'acciones usuario', action:'a�adir producto desde listado'})" href="javascript:addToCartFromItemList('110084')">AÑADIR AL CARRITO &gt;</a>                                        <span class="added_button">En carrito</span>                                    <a class="white_button" title="Añadir a mi lista" href="javascript:addToListFromItemList('110084')" onclick="dataLayer.push({event: 'event_gtm',category:'acciones usuario', action:'a�adir producto a lista'});">Añadir a mi lista</a>                                </div>                    <a class="article_link" title="Ver ficha de SALSA HELLMANN'S BURGER 250 G" href="/SALSA-HELLMANN-S-BURGER-250-G_110084_prd_es_ES.jsp" onclick="javascript:callingTaggingEnpoints('')" itemprop="url"></a>                <div class="hover_container">            <div class="hover">                <div class="info_symbol"></div>            </div>        </div>                    </article>            </li>                    <li class="article" itemprop="itemListElement" itemscope="" itemtype="http://schema.org/Product">                    <article class="article_container" id="item_description_102126">            <a class="article_name" title="Ver ficha de MAYONESA YBARRA LIGERA SIN GLUTEN 450 G" href="/MAYONESA-YBARRA-LIGERA-SIN-GLUTEN-450-G_102126_prd_es_ES.jsp" itemprop="url"><span itemprop="name" id="description_text">MAYONESA YBARRA LIGERA SIN GLUTEN 450 G</span></a>            <!--informacion de gluten y calorias -->        <div class="info_container">                            <span class="calories">267 <span>kcal</span></span>                <a class="info" title="Producto con 267 kilocalorías" href="javascript:void(0);">                    <span class="info_text">Producto con 267 kilocalorías.</span>                </a>                                                            <img class="info_icon" alt="10% Descuento para suscriptores Condisline Prime" src="//static.condisline.com/resize_39x39/images/product_icons/icon_subscription.png" width="39" height="39">                                            <a class="info" title="10% Descuento para suscriptores Condisline Prime" href="javascript:void(0);">                            <span class="info_text">10% Descuento para suscriptores Condisline Prime</span>                        </a>                                                        <img class="info_icon" alt="Producto sin gluten" src="//static.condisline.com/resize_39x39/images/product_icons/no_gluten.png" width="39" height="39">                                            <a class="info" title="Producto sin gluten" href="javascript:void(0);">                            <span class="info_text">Producto sin gluten</span>                        </a>                                                        </div>        <img class="article_image" alt="MAYONESA YBARRA LIGERA SIN GLUTEN 450 G" data-original="//static.condisline.com/resize_190x200/images/catalog/large/102126.jpg" src="//static.condisline.com/resize_190x200/images/catalog/large/102126.jpg" width="190" height="200" style="display: block;">        <meta itemprop="image" content="//static.condisline.com/resize_190x200/images/catalog/large/102126.jpg">        <div class="article_price_container" itemprop="offers" itemscope="" itemtype="http://schema.org/Offer">            <!-- Price -->                                            <span class="article_price" itemprop="price"><span id="list_price_102126">2,09</span></span>                <span class="currency">€</span>                <script>                    formatNumber('2.09', 'list_price_102126');                </script>                        <meta itemprop="priceCurrency" content="EUR">            <div class="unit_container">                                    <a class="substract_button" title="Menos" href="javascript:void(0);">-</a>                                <label class="quantity_container">                                                                        <input class="input_quantity_product" id="item_quantity_102126" type="number" data-product="102126" value="" min="1" max="999" required="" autocomplete="off">                                                            </label>                                    <a class="add_button" title="Más" href="javascript:void(0);">+</a>                    <a class="added_tick" title="Cambiar unidades" href="javascript:void(0);"></a>                            </div>                                                <div class="article_pum">                        <span>      4,64€/Kilo</span>                    </div>                                                                            <a data-product-id="102126" class="orange_button btn_add2cart" title="Añadir al carrito" onclick="dataLayer.push({event: 'event_gtm',category:'acciones usuario', action:'a�adir producto desde listado'})" href="javascript:addToCartFromItemList('102126')">AÑADIR AL CARRITO &gt;</a>                                        <span class="added_button">En carrito</span>                                    <a class="white_button" title="Añadir a mi lista" href="javascript:addToListFromItemList('102126')" onclick="dataLayer.push({event: 'event_gtm',category:'acciones usuario', action:'a�adir producto a lista'});">Añadir a mi lista</a>                                </div>                    <a class="article_link" title="Ver ficha de MAYONESA YBARRA LIGERA SIN GLUTEN 450 G" href="/MAYONESA-YBARRA-LIGERA-SIN-GLUTEN-450-G_102126_prd_es_ES.jsp" onclick="javascript:callingTaggingEnpoints('')" itemprop="url"></a>                <div class="hover_container">            <div class="hover">                <div class="info_symbol"></div>            </div>        </div>                    </article>            </li>                    <li class="article" itemprop="itemListElement" itemscope="" itemtype="http://schema.org/Product">                    <article class="article_container" id="item_description_124328">            <a class="article_name" title="Ver ficha de CEBOLLA GRANULADA DANI 30 G" href="/CEBOLLA-GRANULADA-DANI-30-G_124328_prd_es_ES.jsp" itemprop="url"><span itemprop="name" id="description_text">CEBOLLA GRANULADA DANI 30 G</span></a>            <!--informacion de gluten y calorias -->        <div class="info_container">                                                            <img class="info_icon" alt="10% Descuento para suscriptores Condisline Prime" src="//static.condisline.com/resize_39x39/images/product_icons/icon_subscription.png" width="39" height="39">                                            <a class="info" title="10% Descuento para suscriptores Condisline Prime" href="javascript:void(0);">                            <span class="info_text">10% Descuento para suscriptores Condisline Prime</span>                        </a>                                                        </div>        <img class="article_image" alt="CEBOLLA GRANULADA DANI 30 G" data-original="//static.condisline.com/resize_190x200/images/catalog/large/124328.jpg" src="//static.condisline.com/resize_190x200/images/catalog/large/124328.jpg" width="190" height="200" style="display: block;">        <meta itemprop="image" content="//static.condisline.com/resize_190x200/images/catalog/large/124328.jpg">        <div class="article_price_container" itemprop="offers" itemscope="" itemtype="http://schema.org/Offer">            <!-- Price -->                                            <span class="article_price" itemprop="price"><span id="list_price_124328">0,89</span></span>                <span class="currency">€</span>                <script>                    formatNumber('0.89', 'list_price_124328');                </script>                        <meta itemprop="priceCurrency" content="EUR">            <div class="unit_container">                                    <a class="substract_button" title="Menos" href="javascript:void(0);">-</a>                                <label class="quantity_container">                                                                        <input class="input_quantity_product" id="item_quantity_124328" type="number" data-product="124328" value="" min="1" max="999" required="" autocomplete="off">                                                            </label>                                    <a class="add_button" title="Más" href="javascript:void(0);">+</a>                    <a class="added_tick" title="Cambiar unidades" href="javascript:void(0);"></a>                            </div>                                                <div class="article_pum">                        <span>     29,67€/Kilo</span>                    </div>                                                                            <a data-product-id="124328" class="orange_button btn_add2cart" title="Añadir al carrito" onclick="dataLayer.push({event: 'event_gtm',category:'acciones usuario', action:'a�adir producto desde listado'})" href="javascript:addToCartFromItemList('124328')">AÑADIR AL CARRITO &gt;</a>                                        <span class="added_button">En carrito</span>                                    <a class="white_button" title="Añadir a mi lista" href="javascript:addToListFromItemList('124328')" onclick="dataLayer.push({event: 'event_gtm',category:'acciones usuario', action:'a�adir producto a lista'});">Añadir a mi lista</a>                                </div>                    <a class="article_link" title="Ver ficha de CEBOLLA GRANULADA DANI 30 G" href="/CEBOLLA-GRANULADA-DANI-30-G_124328_prd_es_ES.jsp" onclick="javascript:callingTaggingEnpoints('')" itemprop="url"></a>                <div class="hover_container">            <div class="hover">                <div class="info_symbol"></div>            </div>        </div>                    </article>            </li>                    <li class="article" itemprop="itemListElement" itemscope="" itemtype="http://schema.org/Product">                    <article class="article_container" id="item_description_124183">            <a class="article_name" title="Ver ficha de ALBAHACA CONDIS HOJA 15 G" href="/ALBAHACA-CONDIS-HOJA-15-G_124183_prd_es_ES.jsp" itemprop="url"><span itemprop="name" id="description_text">ALBAHACA CONDIS HOJA 15 G</span></a>            <!--informacion de gluten y calorias -->        <div class="info_container">                                                            <img class="info_icon" alt="10% Descuento para suscriptores Condisline Prime" src="//static.condisline.com/resize_39x39/images/product_icons/icon_subscription.png" width="39" height="39">                                            <a class="info" title="10% Descuento para suscriptores Condisline Prime" href="javascript:void(0);">                            <span class="info_text">10% Descuento para suscriptores Condisline Prime</span>                        </a>                                                        <img class="info_icon" alt="Producto sin gluten" src="//static.condisline.com/resize_39x39/images/product_icons/no_gluten.png" width="39" height="39">                                            <a class="info" title="Producto sin gluten" href="javascript:void(0);">                            <span class="info_text">Producto sin gluten</span>                        </a>                                                        <img class="info_icon" alt="Marca propia" src="//static.condisline.com/resize_39x39/images/product_icons/marca_propia.png" width="39" height="39">                                            <a class="info" title="Marca propia" href="javascript:void(0);">                            <span class="info_text">Marca propia</span>                        </a>                                                        </div>        <img class="article_image" alt="ALBAHACA CONDIS HOJA 15 G" data-original="//static.condisline.com/resize_190x200/images/catalog/large/124183.jpg" src="//static.condisline.com/resize_190x200/images/catalog/large/124183.jpg" width="190" height="200" style="display: block;">        <meta itemprop="image" content="//static.condisline.com/resize_190x200/images/catalog/large/124183.jpg">        <div class="article_price_container" itemprop="offers" itemscope="" itemtype="http://schema.org/Offer">            <!-- Price -->                                            <span class="article_price" itemprop="price"><span id="list_price_124183">0,79</span></span>                <span class="currency">€</span>                <script>                    formatNumber('0.79', 'list_price_124183');                </script>                        <meta itemprop="priceCurrency" content="EUR">            <div class="unit_container">                                    <a class="substract_button" title="Menos" href="javascript:void(0);">-</a>                                <label class="quantity_container">                                                                        <input class="input_quantity_product" id="item_quantity_124183" type="number" data-product="124183" value="" min="1" max="999" required="" autocomplete="off">                                                            </label>                                    <a class="add_button" title="Más" href="javascript:void(0);">+</a>                    <a class="added_tick" title="Cambiar unidades" href="javascript:void(0);"></a>                            </div>                                                <div class="article_pum">                        <span>     52,67€/Kilo</span>                    </div>                                                                            <a data-product-id="124183" class="orange_button btn_add2cart" title="Añadir al carrito" onclick="dataLayer.push({event: 'event_gtm',category:'acciones usuario', action:'a�adir producto desde listado'})" href="javascript:addToCartFromItemList('124183')">AÑADIR AL CARRITO &gt;</a>                                        <span class="added_button">En carrito</span>                                    <a class="white_button" title="Añadir a mi lista" href="javascript:addToListFromItemList('124183')" onclick="dataLayer.push({event: 'event_gtm',category:'acciones usuario', action:'a�adir producto a lista'});">Añadir a mi lista</a>                                </div>                    <a class="article_link" title="Ver ficha de ALBAHACA CONDIS HOJA 15 G" href="/ALBAHACA-CONDIS-HOJA-15-G_124183_prd_es_ES.jsp" onclick="javascript:callingTaggingEnpoints('')" itemprop="url"></a>                <div class="hover_container">            <div class="hover">                <div class="info_symbol"></div>            </div>        </div>                    </article>            </li>                    <li class="article" itemprop="itemListElement" itemscope="" itemtype="http://schema.org/Product">                    <article class="article_container" id="item_description_124164">            <a class="article_name" title="Ver ficha de PIMENTON CONDIS DULCE 45 G" href="/PIMENTON-CONDIS-DULCE-45-G_124164_prd_es_ES.jsp" itemprop="url"><span itemprop="name" id="description_text">PIMENTON CONDIS DULCE 45 G</span></a>            <!--informacion de gluten y calorias -->        <div class="info_container">                                                            <img class="info_icon" alt="10% Descuento para suscriptores Condisline Prime" src="//static.condisline.com/resize_39x39/images/product_icons/icon_subscription.png" width="39" height="39">                                            <a class="info" title="10% Descuento para suscriptores Condisline Prime" href="javascript:void(0);">                            <span class="info_text">10% Descuento para suscriptores Condisline Prime</span>                        </a>                                                        <img class="info_icon" alt="Marca propia" src="//static.condisline.com/resize_39x39/images/product_icons/marca_propia.png" width="39" height="39">                                            <a class="info" title="Marca propia" href="javascript:void(0);">                            <span class="info_text">Marca propia</span>                        </a>                                                        </div>        <img class="article_image" alt="PIMENTON CONDIS DULCE 45 G" data-original="//static.condisline.com/resize_190x200/images/catalog/large/124164.jpg" src="//static.condisline.com/resize_190x200/images/catalog/large/124164.jpg" width="190" height="200" style="display: block;">        <meta itemprop="image" content="//static.condisline.com/resize_190x200/images/catalog/large/124164.jpg">        <div class="article_price_container" itemprop="offers" itemscope="" itemtype="http://schema.org/Offer">            <!-- Price -->                                            <span class="article_price" itemprop="price"><span id="list_price_124164">0,85</span></span>                <span class="currency">€</span>                <script>                    formatNumber('0.85', 'list_price_124164');                </script>                        <meta itemprop="priceCurrency" content="EUR">            <div class="unit_container">                                    <a class="substract_button" title="Menos" href="javascript:void(0);">-</a>                                <label class="quantity_container">                                                                        <input class="input_quantity_product" id="item_quantity_124164" type="number" data-product="124164" value="" min="1" max="999" required="" autocomplete="off">                                                            </label>                                    <a class="add_button" title="Más" href="javascript:void(0);">+</a>                    <a class="added_tick" title="Cambiar unidades" href="javascript:void(0);"></a>                            </div>                                                <div class="article_pum">                        <span>     18,89€/Kilo</span>                    </div>                                                                            <a data-product-id="124164" class="orange_button btn_add2cart" title="Añadir al carrito" onclick="dataLayer.push({event: 'event_gtm',category:'acciones usuario', action:'a�adir producto desde listado'})" href="javascript:addToCartFromItemList('124164')">AÑADIR AL CARRITO &gt;</a>                                        <span class="added_button">En carrito</span>                                    <a class="white_button" title="Añadir a mi lista" href="javascript:addToListFromItemList('124164')" onclick="dataLayer.push({event: 'event_gtm',category:'acciones usuario', action:'a�adir producto a lista'});">Añadir a mi lista</a>                                </div>                    <a class="article_link" title="Ver ficha de PIMENTON CONDIS DULCE 45 G" href="/PIMENTON-CONDIS-DULCE-45-G_124164_prd_es_ES.jsp" onclick="javascript:callingTaggingEnpoints('')" itemprop="url"></a>                <div class="hover_container">            <div class="hover">                <div class="info_symbol"></div>            </div>        </div>                    </article>            </li>                    <li class="article" itemprop="itemListElement" itemscope="" itemtype="http://schema.org/Product">                    <article class="article_container" id="item_description_121165">            <a class="article_name" title="Ver ficha de SALSA BARILLA BASILICO 400 G" href="/SALSA-BARILLA-BASILICO-400-G_121165_prd_es_ES.jsp" itemprop="url"><span itemprop="name" id="description_text">SALSA BARILLA BASILICO 400 G</span></a>            <!--informacion de gluten y calorias -->        <div class="info_container">                            <span class="calories">61 <span>kcal</span></span>                <a class="info" title="Producto con 61 kilocalorías" href="javascript:void(0);">                    <span class="info_text">Producto con 61 kilocalorías.</span>                </a>                                                            <img class="info_icon" alt="10% Descuento para suscriptores Condisline Prime" src="//static.condisline.com/resize_39x39/images/product_icons/icon_subscription.png" width="39" height="39">                                            <a class="info" title="10% Descuento para suscriptores Condisline Prime" href="javascript:void(0);">                            <span class="info_text">10% Descuento para suscriptores Condisline Prime</span>                        </a>                                                        </div>        <img class="article_image" alt="SALSA BARILLA BASILICO 400 G" data-original="//static.condisline.com/resize_190x200/images/catalog/large/121165.jpg" src="//static.condisline.com/resize_190x200/images/catalog/large/121165.jpg" width="190" height="200" style="display: block;">        <meta itemprop="image" content="//static.condisline.com/resize_190x200/images/catalog/large/121165.jpg">        <div class="article_price_container" itemprop="offers" itemscope="" itemtype="http://schema.org/Offer">            <!-- Price -->                                            <span class="article_price" itemprop="price"><span id="list_price_121165">2,99</span></span>                <span class="currency">€</span>                <script>                    formatNumber('2.99', 'list_price_121165');                </script>                        <meta itemprop="priceCurrency" content="EUR">            <div class="unit_container">                                    <a class="substract_button" title="Menos" href="javascript:void(0);">-</a>                                <label class="quantity_container">                                                                        <input class="input_quantity_product" id="item_quantity_121165" type="number" data-product="121165" value="" min="1" max="999" required="" autocomplete="off">                                                            </label>                                    <a class="add_button" title="Más" href="javascript:void(0);">+</a>                    <a class="added_tick" title="Cambiar unidades" href="javascript:void(0);"></a>                            </div>                                                <div class="article_pum">                        <span>      7,48€/Kilo</span>                    </div>                                                                            <a data-product-id="121165" class="orange_button btn_add2cart" title="Añadir al carrito" onclick="dataLayer.push({event: 'event_gtm',category:'acciones usuario', action:'a�adir producto desde listado'})" href="javascript:addToCartFromItemList('121165')">AÑADIR AL CARRITO &gt;</a>                                        <span class="added_button">En carrito</span>                                    <a class="white_button" title="Añadir a mi lista" href="javascript:addToListFromItemList('121165')" onclick="dataLayer.push({event: 'event_gtm',category:'acciones usuario', action:'a�adir producto a lista'});">Añadir a mi lista</a>                                </div>                    <a class="article_link" title="Ver ficha de SALSA BARILLA BASILICO 400 G" href="/SALSA-BARILLA-BASILICO-400-G_121165_prd_es_ES.jsp" onclick="javascript:callingTaggingEnpoints('')" itemprop="url"></a>                <div class="hover_container">            <div class="hover">                <div class="info_symbol"></div>            </div>        </div>                    </article>            </li>                    <li class="article" itemprop="itemListElement" itemscope="" itemtype="http://schema.org/Product">                    <article class="article_container" id="item_description_110482">            <a class="article_name" title="Ver ficha de SALSA GALLO CON QUESO GRANA PADANO 350 G" href="/SALSA-GALLO-CON-QUESO-GRANA-PADANO-350-G_110482_prd_es_ES.jsp" itemprop="url"><span itemprop="name" id="description_text">SALSA GALLO CON QUESO GRANA PADANO 350 G</span></a>            <!--informacion de gluten y calorias -->        <div class="info_container">                            <span class="calories">67 <span>kcal</span></span>                <a class="info" title="Producto con 67 kilocalorías" href="javascript:void(0);">                    <span class="info_text">Producto con 67 kilocalorías.</span>                </a>                                                            <img class="info_icon" alt="10% Descuento para suscriptores Condisline Prime" src="//static.condisline.com/resize_39x39/images/product_icons/icon_subscription.png" width="39" height="39">                                            <a class="info" title="10% Descuento para suscriptores Condisline Prime" href="javascript:void(0);">                            <span class="info_text">10% Descuento para suscriptores Condisline Prime</span>                        </a>                                                        </div>        <img class="article_image" alt="SALSA GALLO CON QUESO GRANA PADANO 350 G" data-original="//static.condisline.com/resize_190x200/images/catalog/large/110482.jpg" src="//static.condisline.com/resize_190x200/images/catalog/large/110482.jpg" width="190" height="200" style="display: block;">        <meta itemprop="image" content="//static.condisline.com/resize_190x200/images/catalog/large/110482.jpg">        <div class="article_price_container" itemprop="offers" itemscope="" itemtype="http://schema.org/Offer">            <!-- Price -->                                            <span class="article_price" itemprop="price"><span id="list_price_110482">2,59</span></span>                <span class="currency">€</span>                <script>                    formatNumber('2.59', 'list_price_110482');                </script>                        <meta itemprop="priceCurrency" content="EUR">            <div class="unit_container">                                    <a class="substract_button" title="Menos" href="javascript:void(0);">-</a>                                <label class="quantity_container">                                                                        <input class="input_quantity_product" id="item_quantity_110482" type="number" data-product="110482" value="" min="1" max="999" required="" autocomplete="off">                                                            </label>                                    <a class="add_button" title="Más" href="javascript:void(0);">+</a>                    <a class="added_tick" title="Cambiar unidades" href="javascript:void(0);"></a>                            </div>                                                <div class="article_pum">                        <span>      7,40€/Kilo</span>                    </div>                                                                            <a data-product-id="110482" class="orange_button btn_add2cart" title="Añadir al carrito" onclick="dataLayer.push({event: 'event_gtm',category:'acciones usuario', action:'a�adir producto desde listado'})" href="javascript:addToCartFromItemList('110482')">AÑADIR AL CARRITO &gt;</a>                                        <span class="added_button">En carrito</span>                                    <a class="white_button" title="Añadir a mi lista" href="javascript:addToListFromItemList('110482')" onclick="dataLayer.push({event: 'event_gtm',category:'acciones usuario', action:'a�adir producto a lista'});">Añadir a mi lista</a>                                </div>                    <a class="article_link" title="Ver ficha de SALSA GALLO CON QUESO GRANA PADANO 350 G" href="/SALSA-GALLO-CON-QUESO-GRANA-PADANO-350-G_110482_prd_es_ES.jsp" onclick="javascript:callingTaggingEnpoints('')" itemprop="url"></a>                <div class="hover_container">            <div class="hover">                <div class="info_symbol"></div>            </div>        </div>                    </article>            </li>                    <li class="article" itemprop="itemListElement" itemscope="" itemtype="http://schema.org/Product">                    <article class="article_container" id="item_description_110424">            <a class="article_name" title="Ver ficha de SALSA HEINZ BBQ CLASSIC 400 G" href="/SALSA-HEINZ-BBQ-CLASSIC-400-G_110424_prd_es_ES.jsp" itemprop="url"><span itemprop="name" id="description_text">SALSA HEINZ BBQ CLASSIC 400 G</span></a>            <!--informacion de gluten y calorias -->        <div class="info_container">                            <span class="calories">138 <span>kcal</span></span>                <a class="info" title="Producto con 138 kilocalorías" href="javascript:void(0);">                    <span class="info_text">Producto con 138 kilocalorías.</span>                </a>                                                            <img class="info_icon" alt="10% Descuento para suscriptores Condisline Prime" src="//static.condisline.com/resize_39x39/images/product_icons/icon_subscription.png" width="39" height="39">                                            <a class="info" title="10% Descuento para suscriptores Condisline Prime" href="javascript:void(0);">                            <span class="info_text">10% Descuento para suscriptores Condisline Prime</span>                        </a>                                                        <img class="info_icon" alt="Producto sin gluten" src="//static.condisline.com/resize_39x39/images/product_icons/no_gluten.png" width="39" height="39">                                            <a class="info" title="Producto sin gluten" href="javascript:void(0);">                            <span class="info_text">Producto sin gluten</span>                        </a>                                                        </div>        <img class="article_image" alt="SALSA HEINZ BBQ CLASSIC 400 G" data-original="//static.condisline.com/resize_190x200/images/catalog/large/110424.jpg" src="//static.condisline.com/resize_190x200/images/catalog/large/110424.jpg" width="190" height="200" style="display: block;">        <meta itemprop="image" content="//static.condisline.com/resize_190x200/images/catalog/large/110424.jpg">        <div class="article_price_container" itemprop="offers" itemscope="" itemtype="http://schema.org/Offer">            <!-- Price -->                                            <span class="article_price" itemprop="price"><span id="list_price_110424">3,49</span></span>                <span class="currency">€</span>                <script>                    formatNumber('3.49', 'list_price_110424');                </script>                        <meta itemprop="priceCurrency" content="EUR">            <div class="unit_container">                                    <a class="substract_button" title="Menos" href="javascript:void(0);">-</a>                                <label class="quantity_container">                                                                        <input class="input_quantity_product" id="item_quantity_110424" type="number" data-product="110424" value="" min="1" max="999" required="" autocomplete="off">                                                            </label>                                    <a class="add_button" title="Más" href="javascript:void(0);">+</a>                    <a class="added_tick" title="Cambiar unidades" href="javascript:void(0);"></a>                            </div>                                                <div class="article_pum">                        <span>      8,73€/Kilo</span>                    </div>                                                                            <a data-product-id="110424" class="orange_button btn_add2cart" title="Añadir al carrito" onclick="dataLayer.push({event: 'event_gtm',category:'acciones usuario', action:'a�adir producto desde listado'})" href="javascript:addToCartFromItemList('110424')">AÑADIR AL CARRITO &gt;</a>                                        <span class="added_button">En carrito</span>                                    <a class="white_button" title="Añadir a mi lista" href="javascript:addToListFromItemList('110424')" onclick="dataLayer.push({event: 'event_gtm',category:'acciones usuario', action:'a�adir producto a lista'});">Añadir a mi lista</a>                                </div>                    <a class="article_link" title="Ver ficha de SALSA HEINZ BBQ CLASSIC 400 G" href="/SALSA-HEINZ-BBQ-CLASSIC-400-G_110424_prd_es_ES.jsp" onclick="javascript:callingTaggingEnpoints('')" itemprop="url"></a>                <div class="hover_container">            <div class="hover">                <div class="info_symbol"></div>            </div>        </div>                    </article>            </li>                    <li class="article" itemprop="itemListElement" itemscope="" itemtype="http://schema.org/Product">                    <article class="article_container" id="item_description_110406">            <a class="article_name" title="Ver ficha de MONODOSIS CHOVI KETCHUP 16 UNIDADES" href="/MONODOSIS-CHOVI-KETCHUP-16-UNIDADES_110406_prd_es_ES.jsp" itemprop="url"><span itemprop="name" id="description_text">MONODOSIS CHOVI KETCHUP 16 UNIDADES</span></a>            <!--informacion de gluten y calorias -->        <div class="info_container">                            <span class="calories">102 <span>kcal</span></span>                <a class="info" title="Producto con 102 kilocalorías" href="javascript:void(0);">                    <span class="info_text">Producto con 102 kilocalorías.</span>                </a>                                                            <img class="info_icon" alt="10% Descuento para suscriptores Condisline Prime" src="//static.condisline.com/resize_39x39/images/product_icons/icon_subscription.png" width="39" height="39">                                            <a class="info" title="10% Descuento para suscriptores Condisline Prime" href="javascript:void(0);">                            <span class="info_text">10% Descuento para suscriptores Condisline Prime</span>                        </a>                                                        </div>        <img class="article_image" alt="MONODOSIS CHOVI KETCHUP 16 UNIDADES" data-original="//static.condisline.com/resize_190x200/images/catalog/large/110406.jpg" src="//static.condisline.com/resize_190x200/images/catalog/large/110406.jpg" width="190" height="200" style="display: block;">        <meta itemprop="image" content="//static.condisline.com/resize_190x200/images/catalog/large/110406.jpg">        <div class="article_price_container" itemprop="offers" itemscope="" itemtype="http://schema.org/Offer">            <!-- Price -->                                            <span class="article_price" itemprop="price"><span id="list_price_110406">1,99</span></span>                <span class="currency">€</span>                <script>                    formatNumber('1.99', 'list_price_110406');                </script>                        <meta itemprop="priceCurrency" content="EUR">            <div class="unit_container">                                    <a class="substract_button" title="Menos" href="javascript:void(0);">-</a>                                <label class="quantity_container">                                                                        <input class="input_quantity_product" id="item_quantity_110406" type="number" data-product="110406" value="" min="1" max="999" required="" autocomplete="off">                                                            </label>                                    <a class="add_button" title="Más" href="javascript:void(0);">+</a>                    <a class="added_tick" title="Cambiar unidades" href="javascript:void(0);"></a>                            </div>                                                <div class="article_pum">                        <span>     12,44€/Kilo</span>                    </div>                                                                            <a data-product-id="110406" class="orange_button btn_add2cart" title="Añadir al carrito" onclick="dataLayer.push({event: 'event_gtm',category:'acciones usuario', action:'a�adir producto desde listado'})" href="javascript:addToCartFromItemList('110406')">AÑADIR AL CARRITO &gt;</a>                                        <span class="added_button">En carrito</span>                                    <a class="white_button" title="Añadir a mi lista" href="javascript:addToListFromItemList('110406')" onclick="dataLayer.push({event: 'event_gtm',category:'acciones usuario', action:'a�adir producto a lista'});">Añadir a mi lista</a>                                </div>                    <a class="article_link" title="Ver ficha de MONODOSIS CHOVI KETCHUP 16 UNIDADES" href="/MONODOSIS-CHOVI-KETCHUP-16-UNIDADES_110406_prd_es_ES.jsp" onclick="javascript:callingTaggingEnpoints('')" itemprop="url"></a>                <div class="hover_container">            <div class="hover">                <div class="info_symbol"></div>            </div>        </div>                    </article>            </li>                    <li class="article" itemprop="itemListElement" itemscope="" itemtype="http://schema.org/Product">                    <article class="article_container" id="item_description_110347">            <a class="article_name" title="Ver ficha de SALSA FELIUBADALÓ ROMESCO 180 CC" href="/SALSA-FELIUBADALO-ROMESCO-180-CC_110347_prd_es_ES.jsp" itemprop="url"><span itemprop="name" id="description_text">SALSA FELIUBADALÓ ROMESCO 180 CC</span></a>            <!--informacion de gluten y calorias -->        <div class="info_container">                                                            <img class="info_icon" alt="10% Descuento para suscriptores Condisline Prime" src="//static.condisline.com/resize_39x39/images/product_icons/icon_subscription.png" width="39" height="39">                                            <a class="info" title="10% Descuento para suscriptores Condisline Prime" href="javascript:void(0);">                            <span class="info_text">10% Descuento para suscriptores Condisline Prime</span>                        </a>                                                        </div>        <img class="article_image" alt="SALSA FELIUBADALÓ ROMESCO 180 CC" data-original="//static.condisline.com/resize_190x200/images/catalog/large/110347.jpg" src="//static.condisline.com/resize_190x200/images/catalog/large/110347.jpg" width="190" height="200" style="display: block;">        <meta itemprop="image" content="//static.condisline.com/resize_190x200/images/catalog/large/110347.jpg">        <div class="article_price_container" itemprop="offers" itemscope="" itemtype="http://schema.org/Offer">            <!-- Price -->                                            <span class="article_price" itemprop="price"><span id="list_price_110347">2,35</span></span>                <span class="currency">€</span>                <script>                    formatNumber('2.35', 'list_price_110347');                </script>                        <meta itemprop="priceCurrency" content="EUR">            <div class="unit_container">                                    <a class="substract_button" title="Menos" href="javascript:void(0);">-</a>                                <label class="quantity_container">                                                                        <input class="input_quantity_product" id="item_quantity_110347" type="number" data-product="110347" value="" min="1" max="999" required="" autocomplete="off">                                                            </label>                                    <a class="add_button" title="Más" href="javascript:void(0);">+</a>                    <a class="added_tick" title="Cambiar unidades" href="javascript:void(0);"></a>                            </div>                                                <div class="article_pum">                        <span>     13,06€/Kilo</span>                    </div>                                                                            <a data-product-id="110347" class="orange_button btn_add2cart" title="Añadir al carrito" onclick="dataLayer.push({event: 'event_gtm',category:'acciones usuario', action:'a�adir producto desde listado'})" href="javascript:addToCartFromItemList('110347')">AÑADIR AL CARRITO &gt;</a>                                        <span class="added_button">En carrito</span>                                    <a class="white_button" title="Añadir a mi lista" href="javascript:addToListFromItemList('110347')" onclick="dataLayer.push({event: 'event_gtm',category:'acciones usuario', action:'a�adir producto a lista'});">Añadir a mi lista</a>                                </div>                    <a class="article_link" title="Ver ficha de SALSA FELIUBADALÓ ROMESCO 180 CC" href="/SALSA-FELIUBADALO-ROMESCO-180-CC_110347_prd_es_ES.jsp" onclick="javascript:callingTaggingEnpoints('')" itemprop="url"></a>                <div class="hover_container">            <div class="hover">                <div class="info_symbol"></div>            </div>        </div>                    </article>            </li>                    <li class="article" itemprop="itemListElement" itemscope="" itemtype="http://schema.org/Product">                    <article class="article_container" id="item_description_720057">            <a class="article_name" title="Ver ficha de PIMIENTA NEGRA DANI  45 G" href="/PIMIENTA-NEGRA-DANI-45-G_720057_prd_es_ES.jsp" itemprop="url"><span itemprop="name" id="description_text">PIMIENTA NEGRA DANI  45 G</span></a>            <!--informacion de gluten y calorias -->        <div class="info_container">                                                            <img class="info_icon" alt="10% Descuento para suscriptores Condisline Prime" src="//static.condisline.com/resize_39x39/images/product_icons/icon_subscription.png" width="39" height="39">                                            <a class="info" title="10% Descuento para suscriptores Condisline Prime" href="javascript:void(0);">                            <span class="info_text">10% Descuento para suscriptores Condisline Prime</span>                        </a>                                                        </div>        <img class="article_image" alt="PIMIENTA NEGRA DANI  45 G" data-original="//static.condisline.com/resize_190x200/images/catalog/large/720057.jpg" src="//static.condisline.com/resize_190x200/images/catalog/large/720057.jpg" width="190" height="200" style="display: block;">        <meta itemprop="image" content="//static.condisline.com/resize_190x200/images/catalog/large/720057.jpg">        <div class="article_price_container" itemprop="offers" itemscope="" itemtype="http://schema.org/Offer">            <!-- Price -->                                            <span class="article_price" itemprop="price"><span id="list_price_720057">3,15</span></span>                <span class="currency">€</span>                <script>                    formatNumber('3.15', 'list_price_720057');                </script>                        <meta itemprop="priceCurrency" content="EUR">            <div class="unit_container">                                    <a class="substract_button" title="Menos" href="javascript:void(0);">-</a>                                <label class="quantity_container">                                                                        <input class="input_quantity_product" id="item_quantity_720057" type="number" data-product="720057" value="" min="1" max="999" required="" autocomplete="off">                                                            </label>                                    <a class="add_button" title="Más" href="javascript:void(0);">+</a>                    <a class="added_tick" title="Cambiar unidades" href="javascript:void(0);"></a>                            </div>                                                <div class="article_pum">                        <span>     63,00€/Kilo</span>                    </div>                                                                            <a data-product-id="720057" class="orange_button btn_add2cart" title="Añadir al carrito" onclick="dataLayer.push({event: 'event_gtm',category:'acciones usuario', action:'a�adir producto desde listado'})" href="javascript:addToCartFromItemList('720057')">AÑADIR AL CARRITO &gt;</a>                                        <span class="added_button">En carrito</span>                                    <a class="white_button" title="Añadir a mi lista" href="javascript:addToListFromItemList('720057')" onclick="dataLayer.push({event: 'event_gtm',category:'acciones usuario', action:'a�adir producto a lista'});">Añadir a mi lista</a>                                </div>                    <a class="article_link" title="Ver ficha de PIMIENTA NEGRA DANI  45 G" href="/PIMIENTA-NEGRA-DANI-45-G_720057_prd_es_ES.jsp" onclick="javascript:callingTaggingEnpoints('')" itemprop="url"></a>                <div class="hover_container">            <div class="hover">                <div class="info_symbol"></div>            </div>        </div>                    </article>            </li>                    <li class="article" itemprop="itemListElement" itemscope="" itemtype="http://schema.org/Product">                    <article class="article_container" id="item_description_124373">            <a class="article_name" title="Ver ficha de CURRY CONDIS  45 G" href="/CURRY-CONDIS-45-G_124373_prd_es_ES.jsp" itemprop="url"><span itemprop="name" id="description_text">CURRY CONDIS  45 G</span></a>            <!--informacion de gluten y calorias -->        <div class="info_container">                                                            <img class="info_icon" alt="10% Descuento para suscriptores Condisline Prime" src="//static.condisline.com/resize_39x39/images/product_icons/icon_subscription.png" width="39" height="39">                                            <a class="info" title="10% Descuento para suscriptores Condisline Prime" href="javascript:void(0);">                            <span class="info_text">10% Descuento para suscriptores Condisline Prime</span>                        </a>                                                        <img class="info_icon" alt="Marca propia" src="//static.condisline.com/resize_39x39/images/product_icons/marca_propia.png" width="39" height="39">                                            <a class="info" title="Marca propia" href="javascript:void(0);">                            <span class="info_text">Marca propia</span>                        </a>                                                        </div>        <img class="article_image" alt="CURRY CONDIS  45 G" data-original="//static.condisline.com/resize_190x200/images/catalog/large/124373.jpg" src="//static.condisline.com/resize_190x200/images/catalog/large/124373.jpg" width="190" height="200" style="display: block;">        <meta itemprop="image" content="//static.condisline.com/resize_190x200/images/catalog/large/124373.jpg">        <div class="article_price_container" itemprop="offers" itemscope="" itemtype="http://schema.org/Offer">            <!-- Price -->                                            <span class="article_price" itemprop="price"><span id="list_price_124373">0,87</span></span>                <span class="currency">€</span>                <script>                    formatNumber('0.87', 'list_price_124373');                </script>                        <meta itemprop="priceCurrency" content="EUR">            <div class="unit_container">                                    <a class="substract_button" title="Menos" href="javascript:void(0);">-</a>                                <label class="quantity_container">                                                                        <input class="input_quantity_product" id="item_quantity_124373" type="number" data-product="124373" value="" min="1" max="999" required="" autocomplete="off">                                                            </label>                                    <a class="add_button" title="Más" href="javascript:void(0);">+</a>                    <a class="added_tick" title="Cambiar unidades" href="javascript:void(0);"></a>                            </div>                                                <div class="article_pum">                        <span>     19,33€/Kilo</span>                    </div>                                                                            <a data-product-id="124373" class="orange_button btn_add2cart" title="Añadir al carrito" onclick="dataLayer.push({event: 'event_gtm',category:'acciones usuario', action:'a�adir producto desde listado'})" href="javascript:addToCartFromItemList('124373')">AÑADIR AL CARRITO &gt;</a>                                        <span class="added_button">En carrito</span>                                    <a class="white_button" title="Añadir a mi lista" href="javascript:addToListFromItemList('124373')" onclick="dataLayer.push({event: 'event_gtm',category:'acciones usuario', action:'a�adir producto a lista'});">Añadir a mi lista</a>                                </div>                    <a class="article_link" title="Ver ficha de CURRY CONDIS  45 G" href="/CURRY-CONDIS-45-G_124373_prd_es_ES.jsp" onclick="javascript:callingTaggingEnpoints('')" itemprop="url"></a>                <div class="hover_container">            <div class="hover">                <div class="info_symbol"></div>            </div>        </div>                    </article>            </li>                    <li class="article" itemprop="itemListElement" itemscope="" itemtype="http://schema.org/Product">                    <article class="article_container" id="item_description_124366">            <a class="article_name" title="Ver ficha de PULPA DANI DE ÑORA 125 G" href="/PULPA-DANI-DE-NORA-125-G_124366_prd_es_ES.jsp" itemprop="url"><span itemprop="name" id="description_text">PULPA DANI DE ÑORA 125 G</span></a>            <!--informacion de gluten y calorias -->        <div class="info_container">                            <span class="calories">25 <span>kcal</span></span>                <a class="info" title="Producto con 25 kilocalorías" href="javascript:void(0);">                    <span class="info_text">Producto con 25 kilocalorías.</span>                </a>                                                            <img class="info_icon" alt="10% Descuento para suscriptores Condisline Prime" src="//static.condisline.com/resize_39x39/images/product_icons/icon_subscription.png" width="39" height="39">                                            <a class="info" title="10% Descuento para suscriptores Condisline Prime" href="javascript:void(0);">                            <span class="info_text">10% Descuento para suscriptores Condisline Prime</span>                        </a>                                                        </div>        <img class="article_image" alt="PULPA DANI DE ÑORA 125 G" data-original="//static.condisline.com/resize_190x200/images/catalog/large/124366.jpg" src="//static.condisline.com/resize_190x200/images/catalog/large/124366.jpg" width="190" height="200" style="display: block;">        <meta itemprop="image" content="//static.condisline.com/resize_190x200/images/catalog/large/124366.jpg">        <div class="article_price_container" itemprop="offers" itemscope="" itemtype="http://schema.org/Offer">            <!-- Price -->                                            <span class="article_price" itemprop="price"><span id="list_price_124366">1,89</span></span>                <span class="currency">€</span>                <script>                    formatNumber('1.89', 'list_price_124366');                </script>                        <meta itemprop="priceCurrency" content="EUR">            <div class="unit_container">                                    <a class="substract_button" title="Menos" href="javascript:void(0);">-</a>                                <label class="quantity_container">                                                                        <input class="input_quantity_product" id="item_quantity_124366" type="number" data-product="124366" value="" min="1" max="999" required="" autocomplete="off">                                                            </label>                                    <a class="add_button" title="Más" href="javascript:void(0);">+</a>                    <a class="added_tick" title="Cambiar unidades" href="javascript:void(0);"></a>                            </div>                                                <div class="article_pum">                        <span>     15,12€/Kilo</span>                    </div>                                                                            <a data-product-id="124366" class="orange_button btn_add2cart" title="Añadir al carrito" onclick="dataLayer.push({event: 'event_gtm',category:'acciones usuario', action:'a�adir producto desde listado'})" href="javascript:addToCartFromItemList('124366')">AÑADIR AL CARRITO &gt;</a>                                        <span class="added_button">En carrito</span>                                    <a class="white_button" title="Añadir a mi lista" href="javascript:addToListFromItemList('124366')" onclick="dataLayer.push({event: 'event_gtm',category:'acciones usuario', action:'a�adir producto a lista'});">Añadir a mi lista</a>                                </div>                    <a class="article_link" title="Ver ficha de PULPA DANI DE ÑORA 125 G" href="/PULPA-DANI-DE-NORA-125-G_124366_prd_es_ES.jsp" onclick="javascript:callingTaggingEnpoints('')" itemprop="url"></a>                <div class="hover_container">            <div class="hover">                <div class="info_symbol"></div>            </div>        </div>                    </article>            </li>                    <li class="article" itemprop="itemListElement" itemscope="" itemtype="http://schema.org/Product">                    <article class="article_container" id="item_description_112040">            <a class="article_name" title="Ver ficha de SALERO SAL COSTA PLUS 500 G" href="/SALERO-SAL-COSTA-PLUS-500-G_112040_prd_es_ES.jsp" itemprop="url"><span itemprop="name" id="description_text">SALERO SAL COSTA PLUS 500 G</span></a>            <!--informacion de gluten y calorias -->        <div class="info_container">                                                            <img class="info_icon" alt="10% Descuento para suscriptores Condisline Prime" src="//static.condisline.com/resize_39x39/images/product_icons/icon_subscription.png" width="39" height="39">                                            <a class="info" title="10% Descuento para suscriptores Condisline Prime" href="javascript:void(0);">                            <span class="info_text">10% Descuento para suscriptores Condisline Prime</span>                        </a>                                                        </div>        <img class="article_image" alt="SALERO SAL COSTA PLUS 500 G" data-original="//static.condisline.com/resize_190x200/images/catalog/large/112040.jpg" src="//static.condisline.com/resize_190x200/images/catalog/large/112040.jpg" width="190" height="200" style="display: block;">        <meta itemprop="image" content="//static.condisline.com/resize_190x200/images/catalog/large/112040.jpg">        <div class="article_price_container" itemprop="offers" itemscope="" itemtype="http://schema.org/Offer">            <!-- Price -->                                            <span class="article_price" itemprop="price"><span id="list_price_112040">1,99</span></span>                <span class="currency">€</span>                <script>                    formatNumber('1.99', 'list_price_112040');                </script>                        <meta itemprop="priceCurrency" content="EUR">            <div class="unit_container">                                    <a class="substract_button" title="Menos" href="javascript:void(0);">-</a>                                <label class="quantity_container">                                                                        <input class="input_quantity_product" id="item_quantity_112040" type="number" data-product="112040" value="" min="1" max="999" required="" autocomplete="off">                                                            </label>                                    <a class="add_button" title="Más" href="javascript:void(0);">+</a>                    <a class="added_tick" title="Cambiar unidades" href="javascript:void(0);"></a>                            </div>                                                <div class="article_pum">                        <span>      3,98€/Kilo</span>                    </div>                                                                            <a data-product-id="112040" class="orange_button btn_add2cart" title="Añadir al carrito" onclick="dataLayer.push({event: 'event_gtm',category:'acciones usuario', action:'a�adir producto desde listado'})" href="javascript:addToCartFromItemList('112040')">AÑADIR AL CARRITO &gt;</a>                                        <span class="added_button">En carrito</span>                                    <a class="white_button" title="Añadir a mi lista" href="javascript:addToListFromItemList('112040')" onclick="dataLayer.push({event: 'event_gtm',category:'acciones usuario', action:'a�adir producto a lista'});">Añadir a mi lista</a>                                </div>                    <a class="article_link" title="Ver ficha de SALERO SAL COSTA PLUS 500 G" href="/SALERO-SAL-COSTA-PLUS-500-G_112040_prd_es_ES.jsp" onclick="javascript:callingTaggingEnpoints('')" itemprop="url"></a>                <div class="hover_container">            <div class="hover">                <div class="info_symbol"></div>            </div>        </div>                    </article>            </li>                    <li class="article" itemprop="itemListElement" itemscope="" itemtype="http://schema.org/Product">                    <article class="article_container" id="item_description_110407">            <a class="article_name" title="Ver ficha de SALSA CHOVI ALL I OLI PET 400 G" href="/SALSA-CHOVI-ALL-I-OLI-PET-400-G_110407_prd_es_ES.jsp" itemprop="url"><span itemprop="name" id="description_text">SALSA CHOVI ALL I OLI PET 400 G</span></a>            <!--informacion de gluten y calorias -->        <div class="info_container">                            <span class="calories">705 <span>kcal</span></span>                <a class="info" title="Producto con 705 kilocalorías" href="javascript:void(0);">                    <span class="info_text">Producto con 705 kilocalorías.</span>                </a>                                                            <img class="info_icon" alt="10% Descuento para suscriptores Condisline Prime" src="//static.condisline.com/resize_39x39/images/product_icons/icon_subscription.png" width="39" height="39">                                            <a class="info" title="10% Descuento para suscriptores Condisline Prime" href="javascript:void(0);">                            <span class="info_text">10% Descuento para suscriptores Condisline Prime</span>                        </a>                                                        </div>        <img class="article_image" alt="SALSA CHOVI ALL I OLI PET 400 G" data-original="//static.condisline.com/resize_190x200/images/catalog/large/110407.jpg" src="//static.condisline.com/resize_190x200/images/catalog/large/110407.jpg" width="190" height="200" style="display: block;">        <meta itemprop="image" content="//static.condisline.com/resize_190x200/images/catalog/large/110407.jpg">        <div class="article_price_container" itemprop="offers" itemscope="" itemtype="http://schema.org/Offer">            <!-- Price -->                                            <span class="article_price" itemprop="price"><span id="list_price_110407">3,29</span></span>                <span class="currency">€</span>                <script>                    formatNumber('3.29', 'list_price_110407');                </script>                        <meta itemprop="priceCurrency" content="EUR">            <div class="unit_container">                                    <a class="substract_button" title="Menos" href="javascript:void(0);">-</a>                                <label class="quantity_container">                                                                        <input class="input_quantity_product" id="item_quantity_110407" type="number" data-product="110407" value="" min="1" max="999" required="" autocomplete="off">                                                            </label>                                    <a class="add_button" title="Más" href="javascript:void(0);">+</a>                    <a class="added_tick" title="Cambiar unidades" href="javascript:void(0);"></a>                            </div>                                                <div class="article_pum">                        <span>      8,23€/Kilo</span>                    </div>                                                                            <a data-product-id="110407" class="orange_button btn_add2cart" title="Añadir al carrito" onclick="dataLayer.push({event: 'event_gtm',category:'acciones usuario', action:'a�adir producto desde listado'})" href="javascript:addToCartFromItemList('110407')">AÑADIR AL CARRITO &gt;</a>                                        <span class="added_button">En carrito</span>                                    <a class="white_button" title="Añadir a mi lista" href="javascript:addToListFromItemList('110407')" onclick="dataLayer.push({event: 'event_gtm',category:'acciones usuario', action:'a�adir producto a lista'});">Añadir a mi lista</a>                                </div>                    <a class="article_link" title="Ver ficha de SALSA CHOVI ALL I OLI PET 400 G" href="/SALSA-CHOVI-ALL-I-OLI-PET-400-G_110407_prd_es_ES.jsp" onclick="javascript:callingTaggingEnpoints('')" itemprop="url"></a>                <div class="hover_container">            <div class="hover">                <div class="info_symbol"></div>            </div>        </div>                    </article>            </li>        <!--    </ul> --><!--    <ul id="carousel_articles" class="articles_list" itemscope="" itemtype="http://schema.org/ItemList"> -->                    <li class="article" itemprop="itemListElement" itemscope="" itemtype="http://schema.org/Product">                    <article class="article_container" id="item_description_124375">            <a class="article_name" title="Ver ficha de HIERBAS PROVENZALES  CONDIS 18 G" href="/HIERBAS-PROVENZALES-CONDIS-18-G_124375_prd_es_ES.jsp" itemprop="url"><span itemprop="name" id="description_text">HIERBAS PROVENZALES  CONDIS 18 G</span></a>            <!--informacion de gluten y calorias -->        <div class="info_container">                                                            <img class="info_icon" alt="10% Descuento para suscriptores Condisline Prime" src="//static.condisline.com/resize_39x39/images/product_icons/icon_subscription.png" width="39" height="39">                                            <a class="info" title="10% Descuento para suscriptores Condisline Prime" href="javascript:void(0);">                            <span class="info_text">10% Descuento para suscriptores Condisline Prime</span>                        </a>                                                        <img class="info_icon" alt="Marca propia" src="//static.condisline.com/resize_39x39/images/product_icons/marca_propia.png" width="39" height="39">                                            <a class="info" title="Marca propia" href="javascript:void(0);">                            <span class="info_text">Marca propia</span>                        </a>                                                        </div>        <img class="article_image" alt="HIERBAS PROVENZALES  CONDIS 18 G" data-original="//static.condisline.com/resize_190x200/images/catalog/large/124375.jpg" src="//static.condisline.com/resize_190x200/images/catalog/large/124375.jpg" width="190" height="200" style="display: block;">        <meta itemprop="image" content="//static.condisline.com/resize_190x200/images/catalog/large/124375.jpg">        <div class="article_price_container" itemprop="offers" itemscope="" itemtype="http://schema.org/Offer">            <!-- Price -->                                            <span class="article_price" itemprop="price"><span id="list_price_124375">0,79</span></span>                <span class="currency">€</span>                <script>                    formatNumber('0.79', 'list_price_124375');                </script>                        <meta itemprop="priceCurrency" content="EUR">            <div class="unit_container">                                    <a class="substract_button" title="Menos" href="javascript:void(0);">-</a>                                <label class="quantity_container">                                                                        <input class="input_quantity_product" id="item_quantity_124375" type="number" data-product="124375" value="" min="1" max="999" required="" autocomplete="off">                                                            </label>                                    <a class="add_button" title="Más" href="javascript:void(0);">+</a>                    <a class="added_tick" title="Cambiar unidades" href="javascript:void(0);"></a>                            </div>                                                <div class="article_pum">                        <span>     43,89€/Kilo</span>                    </div>                                                                            <a data-product-id="124375" class="orange_button btn_add2cart" title="Añadir al carrito" onclick="dataLayer.push({event: 'event_gtm',category:'acciones usuario', action:'a�adir producto desde listado'})" href="javascript:addToCartFromItemList('124375')">AÑADIR AL CARRITO &gt;</a>                                        <span class="added_button">En carrito</span>                                    <a class="white_button" title="Añadir a mi lista" href="javascript:addToListFromItemList('124375')" onclick="dataLayer.push({event: 'event_gtm',category:'acciones usuario', action:'a�adir producto a lista'});">Añadir a mi lista</a>                                </div>                    <a class="article_link" title="Ver ficha de HIERBAS PROVENZALES  CONDIS 18 G" href="/HIERBAS-PROVENZALES-CONDIS-18-G_124375_prd_es_ES.jsp" onclick="javascript:callingTaggingEnpoints('')" itemprop="url"></a>                <div class="hover_container">            <div class="hover">                <div class="info_symbol"></div>            </div>        </div>                    </article>            </li>                    <li class="article" itemprop="itemListElement" itemscope="" itemtype="http://schema.org/Product">                    <article class="article_container" id="item_description_124292">            <a class="article_name" title="Ver ficha de ATADILLO DE HIERBAS DANI 42 G" href="/ATADILLO-DE-HIERBAS-DANI-42-G_124292_prd_es_ES.jsp" itemprop="url"><span itemprop="name" id="description_text">ATADILLO DE HIERBAS DANI 42 G</span></a>            <!--informacion de gluten y calorias -->        <div class="info_container">                                                            <img class="info_icon" alt="10% Descuento para suscriptores Condisline Prime" src="//static.condisline.com/resize_39x39/images/product_icons/icon_subscription.png" width="39" height="39">                                            <a class="info" title="10% Descuento para suscriptores Condisline Prime" href="javascript:void(0);">                            <span class="info_text">10% Descuento para suscriptores Condisline Prime</span>                        </a>                                                        </div>        <img class="article_image" alt="ATADILLO DE HIERBAS DANI 42 G" data-original="//static.condisline.com/resize_190x200/images/catalog/large/124292.jpg" src="//static.condisline.com/resize_190x200/images/catalog/large/124292.jpg" width="190" height="200" style="display: block;">        <meta itemprop="image" content="//static.condisline.com/resize_190x200/images/catalog/large/124292.jpg">        <div class="article_price_container" itemprop="offers" itemscope="" itemtype="http://schema.org/Offer">            <!-- Price -->                                            <span class="article_price" itemprop="price"><span id="list_price_124292">2,39</span></span>                <span class="currency">€</span>                <script>                    formatNumber('2.39', 'list_price_124292');                </script>                        <meta itemprop="priceCurrency" content="EUR">            <div class="unit_container">                                    <a class="substract_button" title="Menos" href="javascript:void(0);">-</a>                                <label class="quantity_container">                                                                        <input class="input_quantity_product" id="item_quantity_124292" type="number" data-product="124292" value="" min="1" max="999" required="" autocomplete="off">                                                            </label>                                    <a class="add_button" title="Más" href="javascript:void(0);">+</a>                    <a class="added_tick" title="Cambiar unidades" href="javascript:void(0);"></a>                            </div>                                                <div class="article_pum">                        <span>     56,90€/Kilo</span>                    </div>                                                                            <a data-product-id="124292" class="orange_button btn_add2cart" title="Añadir al carrito" onclick="dataLayer.push({event: 'event_gtm',category:'acciones usuario', action:'a�adir producto desde listado'})" href="javascript:addToCartFromItemList('124292')">AÑADIR AL CARRITO &gt;</a>                                        <span class="added_button">En carrito</span>                                    <a class="white_button" title="Añadir a mi lista" href="javascript:addToListFromItemList('124292')" onclick="dataLayer.push({event: 'event_gtm',category:'acciones usuario', action:'a�adir producto a lista'});">Añadir a mi lista</a>                                </div>                    <a class="article_link" title="Ver ficha de ATADILLO DE HIERBAS DANI 42 G" href="/ATADILLO-DE-HIERBAS-DANI-42-G_124292_prd_es_ES.jsp" onclick="javascript:callingTaggingEnpoints('')" itemprop="url"></a>                <div class="hover_container">            <div class="hover">                <div class="info_symbol"></div>            </div>        </div>                    </article>            </li>                    <li class="article" itemprop="itemListElement" itemscope="" itemtype="http://schema.org/Product">                    <article class="article_container" id="item_description_124165">            <a class="article_name" title="Ver ficha de PICADAS DANI BOLSA " href="/PICADAS-DANI-BOLSA_124165_prd_es_ES.jsp" itemprop="url"><span itemprop="name" id="description_text">PICADAS DANI BOLSA </span></a>            <!--informacion de gluten y calorias -->        <div class="info_container">                                                            <img class="info_icon" alt="10% Descuento para suscriptores Condisline Prime" src="//static.condisline.com/resize_39x39/images/product_icons/icon_subscription.png" width="39" height="39">                                            <a class="info" title="10% Descuento para suscriptores Condisline Prime" href="javascript:void(0);">                            <span class="info_text">10% Descuento para suscriptores Condisline Prime</span>                        </a>                                                        </div>        <img class="article_image" alt="PICADAS DANI BOLSA " data-original="//static.condisline.com/resize_190x200/images/catalog/large/124165.jpg" src="//static.condisline.com/resize_190x200/images/catalog/large/124165.jpg" width="190" height="200" style="display: block;">        <meta itemprop="image" content="//static.condisline.com/resize_190x200/images/catalog/large/124165.jpg">        <div class="article_price_container" itemprop="offers" itemscope="" itemtype="http://schema.org/Offer">            <!-- Price -->                                            <span class="article_price" itemprop="price"><span id="list_price_124165">1,15</span></span>                <span class="currency">€</span>                <script>                    formatNumber('1.15', 'list_price_124165');                </script>                        <meta itemprop="priceCurrency" content="EUR">            <div class="unit_container">                                    <a class="substract_button" title="Menos" href="javascript:void(0);">-</a>                                <label class="quantity_container">                                                                        <input class="input_quantity_product" id="item_quantity_124165" type="number" data-product="124165" value="" min="1" max="999" required="" autocomplete="off">                                                            </label>                                    <a class="add_button" title="Más" href="javascript:void(0);">+</a>                    <a class="added_tick" title="Cambiar unidades" href="javascript:void(0);"></a>                            </div>                                                <div class="article_pum">                        <span>     46,00€/Kilo</span>                    </div>                                                                            <a data-product-id="124165" class="orange_button btn_add2cart" title="Añadir al carrito" onclick="dataLayer.push({event: 'event_gtm',category:'acciones usuario', action:'a�adir producto desde listado'})" href="javascript:addToCartFromItemList('124165')">AÑADIR AL CARRITO &gt;</a>                                        <span class="added_button">En carrito</span>                                    <a class="white_button" title="Añadir a mi lista" href="javascript:addToListFromItemList('124165')" onclick="dataLayer.push({event: 'event_gtm',category:'acciones usuario', action:'a�adir producto a lista'});">Añadir a mi lista</a>                                </div>                    <a class="article_link" title="Ver ficha de PICADAS DANI BOLSA " href="/PICADAS-DANI-BOLSA_124165_prd_es_ES.jsp" onclick="javascript:callingTaggingEnpoints('')" itemprop="url"></a>                <div class="hover_container">            <div class="hover">                <div class="info_symbol"></div>            </div>        </div>                    </article>            </li>                    <li class="article" itemprop="itemListElement" itemscope="" itemtype="http://schema.org/Product">                    <article class="article_container" id="item_description_124001">            <a class="article_name" title="Ver ficha de AZAFRÁN EN RAMA DANI 0.7 G" href="/AZAFRAN-EN-RAMA-DANI-0-7-G_124001_prd_es_ES.jsp" itemprop="url"><span itemprop="name" id="description_text">AZAFRÁN EN RAMA DANI 0.7 G</span></a>            <!--informacion de gluten y calorias -->        <div class="info_container">                                                            <img class="info_icon" alt="10% Descuento para suscriptores Condisline Prime" src="//static.condisline.com/resize_39x39/images/product_icons/icon_subscription.png" width="39" height="39">                                            <a class="info" title="10% Descuento para suscriptores Condisline Prime" href="javascript:void(0);">                            <span class="info_text">10% Descuento para suscriptores Condisline Prime</span>                        </a>                                                        </div>        <img class="article_image" alt="AZAFRÁN EN RAMA DANI 0.7 G" data-original="//static.condisline.com/resize_190x200/images/catalog/large/124001.jpg" src="//static.condisline.com/resize_190x200/images/catalog/large/124001.jpg" width="190" height="200" style="display: block;">        <meta itemprop="image" content="//static.condisline.com/resize_190x200/images/catalog/large/124001.jpg">        <div class="article_price_container" itemprop="offers" itemscope="" itemtype="http://schema.org/Offer">            <!-- Price -->                                            <span class="article_price" itemprop="price"><span id="list_price_124001">6,19</span></span>                <span class="currency">€</span>                <script>                    formatNumber('6.19', 'list_price_124001');                </script>                        <meta itemprop="priceCurrency" content="EUR">            <div class="unit_container">                                    <a class="substract_button" title="Menos" href="javascript:void(0);">-</a>                                <label class="quantity_container">                                                                        <input class="input_quantity_product" id="item_quantity_124001" type="number" data-product="124001" value="" min="1" max="999" required="" autocomplete="off">                                                            </label>                                    <a class="add_button" title="Más" href="javascript:void(0);">+</a>                    <a class="added_tick" title="Cambiar unidades" href="javascript:void(0);"></a>                            </div>                                                <div class="article_pum">                        <span>      6,19€/Unidad</span>                    </div>                                                                            <a data-product-id="124001" class="orange_button btn_add2cart" title="Añadir al carrito" onclick="dataLayer.push({event: 'event_gtm',category:'acciones usuario', action:'a�adir producto desde listado'})" href="javascript:addToCartFromItemList('124001')">AÑADIR AL CARRITO &gt;</a>                                        <span class="added_button">En carrito</span>                                    <a class="white_button" title="Añadir a mi lista" href="javascript:addToListFromItemList('124001')" onclick="dataLayer.push({event: 'event_gtm',category:'acciones usuario', action:'a�adir producto a lista'});">Añadir a mi lista</a>                                </div>                    <a class="article_link" title="Ver ficha de AZAFRÁN EN RAMA DANI 0.7 G" href="/AZAFRAN-EN-RAMA-DANI-0-7-G_124001_prd_es_ES.jsp" onclick="javascript:callingTaggingEnpoints('')" itemprop="url"></a>                <div class="hover_container">            <div class="hover">                <div class="info_symbol"></div>            </div>        </div>                    </article>            </li>                    <li class="article" itemprop="itemListElement" itemscope="" itemtype="http://schema.org/Product">                    <article class="article_container" id="item_description_110086">            <a class="article_name" title="Ver ficha de SALSA OLD EL PASO MEJICANA DIP 312 G" href="/SALSA-OLD-EL-PASO-MEJICANA-DIP-312-G_110086_prd_es_ES.jsp" itemprop="url"><span itemprop="name" id="description_text">SALSA OLD EL PASO MEJICANA DIP 312 G</span></a>            <!--informacion de gluten y calorias -->        <div class="info_container">                                                            <img class="info_icon" alt="10% Descuento para suscriptores Condisline Prime" src="//static.condisline.com/resize_39x39/images/product_icons/icon_subscription.png" width="39" height="39">                                            <a class="info" title="10% Descuento para suscriptores Condisline Prime" href="javascript:void(0);">                            <span class="info_text">10% Descuento para suscriptores Condisline Prime</span>                        </a>                                                        </div>        <img class="article_image" alt="SALSA OLD EL PASO MEJICANA DIP 312 G" data-original="//static.condisline.com/resize_190x200/images/catalog/large/110086.jpg" src="//static.condisline.com/resize_190x200/images/catalog/large/110086.jpg" width="190" height="200" style="display: block;">        <meta itemprop="image" content="//static.condisline.com/resize_190x200/images/catalog/large/110086.jpg">        <div class="article_price_container" itemprop="offers" itemscope="" itemtype="http://schema.org/Offer">            <!-- Price -->                                            <span class="article_price" itemprop="price"><span id="list_price_110086">3,39</span></span>                <span class="currency">€</span>                <script>                    formatNumber('3.39', 'list_price_110086');                </script>                        <meta itemprop="priceCurrency" content="EUR">            <div class="unit_container">                                    <a class="substract_button" title="Menos" href="javascript:void(0);">-</a>                                <label class="quantity_container">                                                                        <input class="input_quantity_product" id="item_quantity_110086" type="number" data-product="110086" value="" min="1" max="999" required="" autocomplete="off">                                                            </label>                                    <a class="add_button" title="Más" href="javascript:void(0);">+</a>                    <a class="added_tick" title="Cambiar unidades" href="javascript:void(0);"></a>                            </div>                                                <div class="article_pum">                        <span>     10,87€/Kilo</span>                    </div>                                                                            <a data-product-id="110086" class="orange_button btn_add2cart" title="Añadir al carrito" onclick="dataLayer.push({event: 'event_gtm',category:'acciones usuario', action:'a�adir producto desde listado'})" href="javascript:addToCartFromItemList('110086')">AÑADIR AL CARRITO &gt;</a>                                        <span class="added_button">En carrito</span>                                    <a class="white_button" title="Añadir a mi lista" href="javascript:addToListFromItemList('110086')" onclick="dataLayer.push({event: 'event_gtm',category:'acciones usuario', action:'a�adir producto a lista'});">Añadir a mi lista</a>                                </div>                    <a class="article_link" title="Ver ficha de SALSA OLD EL PASO MEJICANA DIP 312 G" href="/SALSA-OLD-EL-PASO-MEJICANA-DIP-312-G_110086_prd_es_ES.jsp" onclick="javascript:callingTaggingEnpoints('')" itemprop="url"></a>                <div class="hover_container">            <div class="hover">                <div class="info_symbol"></div>            </div>        </div>                    </article>            </li>                    <li class="article" itemprop="itemListElement" itemscope="" itemtype="http://schema.org/Product">                    <article class="article_container" id="item_description_124155">            <a class="article_name" title="Ver ficha de ÑORAS DANI BOLSA 15 G" href="/NORAS-DANI-BOLSA-15-G_124155_prd_es_ES.jsp" itemprop="url"><span itemprop="name" id="description_text">ÑORAS DANI BOLSA 15 G</span></a>            <!--informacion de gluten y calorias -->        <div class="info_container">                                                            <img class="info_icon" alt="10% Descuento para suscriptores Condisline Prime" src="//static.condisline.com/resize_39x39/images/product_icons/icon_subscription.png" width="39" height="39">                                            <a class="info" title="10% Descuento para suscriptores Condisline Prime" href="javascript:void(0);">                            <span class="info_text">10% Descuento para suscriptores Condisline Prime</span>                        </a>                                                        </div>        <img class="article_image" alt="ÑORAS DANI BOLSA 15 G" data-original="//static.condisline.com/resize_190x200/images/catalog/large/124155.jpg" src="//static.condisline.com/resize_190x200/images/catalog/large/124155.jpg" width="190" height="200" style="display: block;">        <meta itemprop="image" content="//static.condisline.com/resize_190x200/images/catalog/large/124155.jpg">        <div class="article_price_container" itemprop="offers" itemscope="" itemtype="http://schema.org/Offer">            <!-- Price -->                                            <span class="article_price" itemprop="price"><span id="list_price_124155">1,19</span></span>                <span class="currency">€</span>                <script>                    formatNumber('1.19', 'list_price_124155');                </script>                        <meta itemprop="priceCurrency" content="EUR">            <div class="unit_container">                                    <a class="substract_button" title="Menos" href="javascript:void(0);">-</a>                                <label class="quantity_container">                                                                        <input class="input_quantity_product" id="item_quantity_124155" type="number" data-product="124155" value="" min="1" max="999" required="" autocomplete="off">                                                            </label>                                    <a class="add_button" title="Más" href="javascript:void(0);">+</a>                    <a class="added_tick" title="Cambiar unidades" href="javascript:void(0);"></a>                            </div>                                                <div class="article_pum">                        <span>     79,33€/Kilo</span>                    </div>                                                                            <a data-product-id="124155" class="orange_button btn_add2cart" title="Añadir al carrito" onclick="dataLayer.push({event: 'event_gtm',category:'acciones usuario', action:'a�adir producto desde listado'})" href="javascript:addToCartFromItemList('124155')">AÑADIR AL CARRITO &gt;</a>                                        <span class="added_button">En carrito</span>                                    <a class="white_button" title="Añadir a mi lista" href="javascript:addToListFromItemList('124155')" onclick="dataLayer.push({event: 'event_gtm',category:'acciones usuario', action:'a�adir producto a lista'});">Añadir a mi lista</a>                                </div>                    <a class="article_link" title="Ver ficha de ÑORAS DANI BOLSA 15 G" href="/NORAS-DANI-BOLSA-15-G_124155_prd_es_ES.jsp" onclick="javascript:callingTaggingEnpoints('')" itemprop="url"></a>                <div class="hover_container">            <div class="hover">                <div class="info_symbol"></div>            </div>        </div>                    </article>            </li>                    <li class="article" itemprop="itemListElement" itemscope="" itemtype="http://schema.org/Product">                    <article class="article_container" id="item_description_116340">            <a class="article_name" title="Ver ficha de SALSA ZANUY GUACAMOLE 190 G" href="/SALSA-ZANUY-GUACAMOLE-190-G_116340_prd_es_ES.jsp" itemprop="url"><span itemprop="name" id="description_text">SALSA ZANUY GUACAMOLE 190 G</span></a>            <!--informacion de gluten y calorias -->        <div class="info_container">                            <span class="calories">118 <span>kcal</span></span>                <a class="info" title="Producto con 118 kilocalorías" href="javascript:void(0);">                    <span class="info_text">Producto con 118 kilocalorías.</span>                </a>                                                            <img class="info_icon" alt="10% Descuento para suscriptores Condisline Prime" src="//static.condisline.com/resize_39x39/images/product_icons/icon_subscription.png" width="39" height="39">                                            <a class="info" title="10% Descuento para suscriptores Condisline Prime" href="javascript:void(0);">                            <span class="info_text">10% Descuento para suscriptores Condisline Prime</span>                        </a>                                                        <img class="info_icon" alt="Producto sin gluten" src="//static.condisline.com/resize_39x39/images/product_icons/no_gluten.png" width="39" height="39">                                            <a class="info" title="Producto sin gluten" href="javascript:void(0);">                            <span class="info_text">Producto sin gluten</span>                        </a>                                                        </div>        <img class="article_image" alt="SALSA ZANUY GUACAMOLE 190 G" data-original="//static.condisline.com/resize_190x200/images/catalog/large/116340.jpg" src="//static.condisline.com/resize_190x200/images/catalog/large/116340.jpg" width="190" height="200" style="display: block;">        <meta itemprop="image" content="//static.condisline.com/resize_190x200/images/catalog/large/116340.jpg">        <div class="article_price_container" itemprop="offers" itemscope="" itemtype="http://schema.org/Offer">            <!-- Price -->                                            <span class="article_price" itemprop="price"><span id="list_price_116340">1,99</span></span>                <span class="currency">€</span>                <script>                    formatNumber('1.99', 'list_price_116340');                </script>                        <meta itemprop="priceCurrency" content="EUR">            <div class="unit_container">                                    <a class="substract_button" title="Menos" href="javascript:void(0);">-</a>                                <label class="quantity_container">                                                                        <input class="input_quantity_product" id="item_quantity_116340" type="number" data-product="116340" value="" min="1" max="999" required="" autocomplete="off">                                                            </label>                                    <a class="add_button" title="Más" href="javascript:void(0);">+</a>                    <a class="added_tick" title="Cambiar unidades" href="javascript:void(0);"></a>                            </div>                                                <div class="article_pum">                        <span>     10,47€/Kilo</span>                    </div>                                                                            <a data-product-id="116340" class="orange_button btn_add2cart" title="Añadir al carrito" onclick="dataLayer.push({event: 'event_gtm',category:'acciones usuario', action:'a�adir producto desde listado'})" href="javascript:addToCartFromItemList('116340')">AÑADIR AL CARRITO &gt;</a>                                        <span class="added_button">En carrito</span>                                    <a class="white_button" title="Añadir a mi lista" href="javascript:addToListFromItemList('116340')" onclick="dataLayer.push({event: 'event_gtm',category:'acciones usuario', action:'a�adir producto a lista'});">Añadir a mi lista</a>                                </div>                    <a class="article_link" title="Ver ficha de SALSA ZANUY GUACAMOLE 190 G" href="/SALSA-ZANUY-GUACAMOLE-190-G_116340_prd_es_ES.jsp" onclick="javascript:callingTaggingEnpoints('')" itemprop="url"></a>                <div class="hover_container">            <div class="hover">                <div class="info_symbol"></div>            </div>        </div>                    </article>            </li>                    <li class="article" itemprop="itemListElement" itemscope="" itemtype="http://schema.org/Product">                    <article class="article_container" id="item_description_110528">            <a class="article_name" title="Ver ficha de MAYONESA ALTEZA FRASCO 450 ML" href="/MAYONESA-ALTEZA-FRASCO-450-ML_110528_prd_es_ES.jsp" itemprop="url"><span itemprop="name" id="description_text">MAYONESA ALTEZA FRASCO 450 ML</span></a>            <!--informacion de gluten y calorias -->        <div class="info_container">                            <span class="calories">606 <span>kcal</span></span>                <a class="info" title="Producto con 606 kilocalorías" href="javascript:void(0);">                    <span class="info_text">Producto con 606 kilocalorías.</span>                </a>                                                            <img class="info_icon" alt="10% Descuento para suscriptores Condisline Prime" src="//static.condisline.com/resize_39x39/images/product_icons/icon_subscription.png" width="39" height="39">                                            <a class="info" title="10% Descuento para suscriptores Condisline Prime" href="javascript:void(0);">                            <span class="info_text">10% Descuento para suscriptores Condisline Prime</span>                        </a>                                                        <img class="info_icon" alt="Marca propia" src="//static.condisline.com/resize_39x39/images/product_icons/marca_propia.png" width="39" height="39">                                            <a class="info" title="Marca propia" href="javascript:void(0);">                            <span class="info_text">Marca propia</span>                        </a>                                                        </div>        <img class="article_image" alt="MAYONESA ALTEZA FRASCO 450 ML" data-original="//static.condisline.com/resize_190x200/images/catalog/large/110528.jpg" src="//static.condisline.com/resize_190x200/images/catalog/large/110528.jpg" width="190" height="200" style="display: block;">        <meta itemprop="image" content="//static.condisline.com/resize_190x200/images/catalog/large/110528.jpg">        <div class="article_price_container" itemprop="offers" itemscope="" itemtype="http://schema.org/Offer">            <!-- Price -->                                            <span class="article_price" itemprop="price"><span id="list_price_110528">1,39</span></span>                <span class="currency">€</span>                <script>                    formatNumber('1.39', 'list_price_110528');                </script>                        <meta itemprop="priceCurrency" content="EUR">            <div class="unit_container">                                    <a class="substract_button" title="Menos" href="javascript:void(0);">-</a>                                <label class="quantity_container">                                                                        <input class="input_quantity_product" id="item_quantity_110528" type="number" data-product="110528" value="" min="1" max="999" required="" autocomplete="off">                                                            </label>                                    <a class="add_button" title="Más" href="javascript:void(0);">+</a>                    <a class="added_tick" title="Cambiar unidades" href="javascript:void(0);"></a>                            </div>                                                <div class="article_pum">                        <span>      3,09€/Kilo</span>                    </div>                                                                            <a data-product-id="110528" class="orange_button btn_add2cart" title="Añadir al carrito" onclick="dataLayer.push({event: 'event_gtm',category:'acciones usuario', action:'a�adir producto desde listado'})" href="javascript:addToCartFromItemList('110528')">AÑADIR AL CARRITO &gt;</a>                                        <span class="added_button">En carrito</span>                                    <a class="white_button" title="Añadir a mi lista" href="javascript:addToListFromItemList('110528')" onclick="dataLayer.push({event: 'event_gtm',category:'acciones usuario', action:'a�adir producto a lista'});">Añadir a mi lista</a>                                </div>                    <a class="article_link" title="Ver ficha de MAYONESA ALTEZA FRASCO 450 ML" href="/MAYONESA-ALTEZA-FRASCO-450-ML_110528_prd_es_ES.jsp" onclick="javascript:callingTaggingEnpoints('')" itemprop="url"></a>                <div class="hover_container">            <div class="hover">                <div class="info_symbol"></div>            </div>        </div>                    </article>            </li>                    <li class="article" itemprop="itemListElement" itemscope="" itemtype="http://schema.org/Product">                    <article class="article_container" id="item_description_720056">            <a class="article_name" title="Ver ficha de 5 PIMIENTAS DANI  45 G" href="/5-PIMIENTAS-DANI-45-G_720056_prd_es_ES.jsp" itemprop="url"><span itemprop="name" id="description_text">5 PIMIENTAS DANI  45 G</span></a>            <!--informacion de gluten y calorias -->        <div class="info_container">                                                            <img class="info_icon" alt="10% Descuento para suscriptores Condisline Prime" src="//static.condisline.com/resize_39x39/images/product_icons/icon_subscription.png" width="39" height="39">                                            <a class="info" title="10% Descuento para suscriptores Condisline Prime" href="javascript:void(0);">                            <span class="info_text">10% Descuento para suscriptores Condisline Prime</span>                        </a>                                                        </div>        <img class="article_image" alt="5 PIMIENTAS DANI  45 G" data-original="//static.condisline.com/resize_190x200/images/catalog/large/720056.jpg" src="//static.condisline.com/resize_190x200/images/catalog/large/720056.jpg" width="190" height="200" style="display: block;">        <meta itemprop="image" content="//static.condisline.com/resize_190x200/images/catalog/large/720056.jpg">        <div class="article_price_container" itemprop="offers" itemscope="" itemtype="http://schema.org/Offer">            <!-- Price -->                                            <span class="article_price" itemprop="price"><span id="list_price_720056">3,15</span></span>                <span class="currency">€</span>                <script>                    formatNumber('3.15', 'list_price_720056');                </script>                        <meta itemprop="priceCurrency" content="EUR">            <div class="unit_container">                                    <a class="substract_button" title="Menos" href="javascript:void(0);">-</a>                                <label class="quantity_container">                                                                        <input class="input_quantity_product" id="item_quantity_720056" type="number" data-product="720056" value="" min="1" max="999" required="" autocomplete="off">                                                            </label>                                    <a class="add_button" title="Más" href="javascript:void(0);">+</a>                    <a class="added_tick" title="Cambiar unidades" href="javascript:void(0);"></a>                            </div>                                                <div class="article_pum">                        <span>     78,75€/Kilo</span>                    </div>                                                                            <a data-product-id="720056" class="orange_button btn_add2cart" title="Añadir al carrito" onclick="dataLayer.push({event: 'event_gtm',category:'acciones usuario', action:'a�adir producto desde listado'})" href="javascript:addToCartFromItemList('720056')">AÑADIR AL CARRITO &gt;</a>                                        <span class="added_button">En carrito</span>                                    <a class="white_button" title="Añadir a mi lista" href="javascript:addToListFromItemList('720056')" onclick="dataLayer.push({event: 'event_gtm',category:'acciones usuario', action:'a�adir producto a lista'});">Añadir a mi lista</a>                                </div>                    <a class="article_link" title="Ver ficha de 5 PIMIENTAS DANI  45 G" href="/5-PIMIENTAS-DANI-45-G_720056_prd_es_ES.jsp" onclick="javascript:callingTaggingEnpoints('')" itemprop="url"></a>                <div class="hover_container">            <div class="hover">                <div class="info_symbol"></div>            </div>        </div>                    </article>            </li>                    <li class="article" itemprop="itemListElement" itemscope="" itemtype="http://schema.org/Product">                    <article class="article_container" id="item_description_519015">            <a class="article_name" title="Ver ficha de SALSA FERRER CALÇOTS 320 G" href="/SALSA-FERRER-CALCOTS-320-G_519015_prd_es_ES.jsp" itemprop="url"><span itemprop="name" id="description_text">SALSA FERRER CALÇOTS 320 G</span></a>            <!--informacion de gluten y calorias -->        <div class="info_container">                            <span class="calories">456 <span>kcal</span></span>                <a class="info" title="Producto con 456 kilocalorías" href="javascript:void(0);">                    <span class="info_text">Producto con 456 kilocalorías.</span>                </a>                                                            <img class="info_icon" alt="10% Descuento para suscriptores Condisline Prime" src="//static.condisline.com/resize_39x39/images/product_icons/icon_subscription.png" width="39" height="39">                                            <a class="info" title="10% Descuento para suscriptores Condisline Prime" href="javascript:void(0);">                            <span class="info_text">10% Descuento para suscriptores Condisline Prime</span>                        </a>                                                        </div>        <img class="article_image" alt="SALSA FERRER CALÇOTS 320 G" data-original="//static.condisline.com/resize_190x200/images/catalog/large/519015.jpg" src="//static.condisline.com/resize_190x200/images/catalog/large/519015.jpg" width="190" height="200" style="display: block;">        <meta itemprop="image" content="//static.condisline.com/resize_190x200/images/catalog/large/519015.jpg">        <div class="article_price_container" itemprop="offers" itemscope="" itemtype="http://schema.org/Offer">            <!-- Price -->                                            <span class="article_price" itemprop="price"><span id="list_price_519015">2,69</span></span>                <span class="currency">€</span>                <script>                    formatNumber('2.69', 'list_price_519015');                </script>                        <meta itemprop="priceCurrency" content="EUR">            <div class="unit_container">                                    <a class="substract_button" title="Menos" href="javascript:void(0);">-</a>                                <label class="quantity_container">                                                                        <input class="input_quantity_product" id="item_quantity_519015" type="number" data-product="519015" value="" min="1" max="999" required="" autocomplete="off">                                                            </label>                                    <a class="add_button" title="Más" href="javascript:void(0);">+</a>                    <a class="added_tick" title="Cambiar unidades" href="javascript:void(0);"></a>                            </div>                                                <div class="article_pum">                        <span>      8,41€/Kilo</span>                    </div>                                                                            <a data-product-id="519015" class="orange_button btn_add2cart" title="Añadir al carrito" onclick="dataLayer.push({event: 'event_gtm',category:'acciones usuario', action:'a�adir producto desde listado'})" href="javascript:addToCartFromItemList('519015')">AÑADIR AL CARRITO &gt;</a>                                        <span class="added_button">En carrito</span>                                    <a class="white_button" title="Añadir a mi lista" href="javascript:addToListFromItemList('519015')" onclick="dataLayer.push({event: 'event_gtm',category:'acciones usuario', action:'a�adir producto a lista'});">Añadir a mi lista</a>                                </div>                    <a class="article_link" title="Ver ficha de SALSA FERRER CALÇOTS 320 G" href="/SALSA-FERRER-CALCOTS-320-G_519015_prd_es_ES.jsp" onclick="javascript:callingTaggingEnpoints('')" itemprop="url"></a>                <div class="hover_container">            <div class="hover">                <div class="info_symbol"></div>            </div>        </div>                    </article>            </li>                    <li class="article" itemprop="itemListElement" itemscope="" itemtype="http://schema.org/Product">                    <article class="article_container" id="item_description_124181">            <a class="article_name" title="Ver ficha de PREPARADO POLLO CONDIS 40 G" href="/PREPARADO-POLLO-CONDIS-40-G_124181_prd_es_ES.jsp" itemprop="url"><span itemprop="name" id="description_text">PREPARADO POLLO CONDIS 40 G</span></a>            <!--informacion de gluten y calorias -->        <div class="info_container">                                                            <img class="info_icon" alt="10% Descuento para suscriptores Condisline Prime" src="//static.condisline.com/resize_39x39/images/product_icons/icon_subscription.png" width="39" height="39">                                            <a class="info" title="10% Descuento para suscriptores Condisline Prime" href="javascript:void(0);">                            <span class="info_text">10% Descuento para suscriptores Condisline Prime</span>                        </a>                                                        <img class="info_icon" alt="Marca propia" src="//static.condisline.com/resize_39x39/images/product_icons/marca_propia.png" width="39" height="39">                                            <a class="info" title="Marca propia" href="javascript:void(0);">                            <span class="info_text">Marca propia</span>                        </a>                                                        </div>        <img class="article_image" alt="PREPARADO POLLO CONDIS 40 G" data-original="//static.condisline.com/resize_190x200/images/catalog/large/124181.jpg" src="//static.condisline.com/resize_190x200/images/catalog/large/124181.jpg" width="190" height="200" style="display: block;">        <meta itemprop="image" content="//static.condisline.com/resize_190x200/images/catalog/large/124181.jpg">        <div class="article_price_container" itemprop="offers" itemscope="" itemtype="http://schema.org/Offer">            <!-- Price -->                                            <span class="article_price" itemprop="price"><span id="list_price_124181">0,81</span></span>                <span class="currency">€</span>                <script>                    formatNumber('0.81', 'list_price_124181');                </script>                        <meta itemprop="priceCurrency" content="EUR">            <div class="unit_container">                                    <a class="substract_button" title="Menos" href="javascript:void(0);">-</a>                                <label class="quantity_container">                                                                        <input class="input_quantity_product" id="item_quantity_124181" type="number" data-product="124181" value="" min="1" max="999" required="" autocomplete="off">                                                            </label>                                    <a class="add_button" title="Más" href="javascript:void(0);">+</a>                    <a class="added_tick" title="Cambiar unidades" href="javascript:void(0);"></a>                            </div>                                                <div class="article_pum">                        <span>      0,81€/Unidad</span>                    </div>                                                                            <a data-product-id="124181" class="orange_button btn_add2cart" title="Añadir al carrito" onclick="dataLayer.push({event: 'event_gtm',category:'acciones usuario', action:'a�adir producto desde listado'})" href="javascript:addToCartFromItemList('124181')">AÑADIR AL CARRITO &gt;</a>                                        <span class="added_button">En carrito</span>                                    <a class="white_button" title="Añadir a mi lista" href="javascript:addToListFromItemList('124181')" onclick="dataLayer.push({event: 'event_gtm',category:'acciones usuario', action:'a�adir producto a lista'});">Añadir a mi lista</a>                                </div>                    <a class="article_link" title="Ver ficha de PREPARADO POLLO CONDIS 40 G" href="/PREPARADO-POLLO-CONDIS-40-G_124181_prd_es_ES.jsp" onclick="javascript:callingTaggingEnpoints('')" itemprop="url"></a>                <div class="hover_container">            <div class="hover">                <div class="info_symbol"></div>            </div>        </div>                    </article>            </li>                    <li class="article" itemprop="itemListElement" itemscope="" itemtype="http://schema.org/Product">                    <article class="article_container" id="item_description_124040">            <a class="article_name" title="Ver ficha de CANELA EN RAMA DANI 25 G" href="/CANELA-EN-RAMA-DANI-25-G_124040_prd_es_ES.jsp" itemprop="url"><span itemprop="name" id="description_text">CANELA EN RAMA DANI 25 G</span></a>            <!--informacion de gluten y calorias -->        <div class="info_container">                                                            <img class="info_icon" alt="10% Descuento para suscriptores Condisline Prime" src="//static.condisline.com/resize_39x39/images/product_icons/icon_subscription.png" width="39" height="39">                                            <a class="info" title="10% Descuento para suscriptores Condisline Prime" href="javascript:void(0);">                            <span class="info_text">10% Descuento para suscriptores Condisline Prime</span>                        </a>                                                        </div>        <img class="article_image" alt="CANELA EN RAMA DANI 25 G" data-original="//static.condisline.com/resize_190x200/images/catalog/large/124040.jpg" src="//static.condisline.com/resize_190x200/images/catalog/large/124040.jpg" width="190" height="200" style="display: block;">        <meta itemprop="image" content="//static.condisline.com/resize_190x200/images/catalog/large/124040.jpg">        <div class="article_price_container" itemprop="offers" itemscope="" itemtype="http://schema.org/Offer">            <!-- Price -->                                            <span class="article_price" itemprop="price"><span id="list_price_124040">1,39</span></span>                <span class="currency">€</span>                <script>                    formatNumber('1.39', 'list_price_124040');                </script>                        <meta itemprop="priceCurrency" content="EUR">            <div class="unit_container">                                    <a class="substract_button" title="Menos" href="javascript:void(0);">-</a>                                <label class="quantity_container">                                                                        <input class="input_quantity_product" id="item_quantity_124040" type="number" data-product="124040" value="" min="1" max="999" required="" autocomplete="off">                                                            </label>                                    <a class="add_button" title="Más" href="javascript:void(0);">+</a>                    <a class="added_tick" title="Cambiar unidades" href="javascript:void(0);"></a>                            </div>                                                <div class="article_pum">                        <span>     55,60€/Kilo</span>                    </div>                                                                            <a data-product-id="124040" class="orange_button btn_add2cart" title="Añadir al carrito" onclick="dataLayer.push({event: 'event_gtm',category:'acciones usuario', action:'a�adir producto desde listado'})" href="javascript:addToCartFromItemList('124040')">AÑADIR AL CARRITO &gt;</a>                                        <span class="added_button">En carrito</span>                                    <a class="white_button" title="Añadir a mi lista" href="javascript:addToListFromItemList('124040')" onclick="dataLayer.push({event: 'event_gtm',category:'acciones usuario', action:'a�adir producto a lista'});">Añadir a mi lista</a>                                </div>                    <a class="article_link" title="Ver ficha de CANELA EN RAMA DANI 25 G" href="/CANELA-EN-RAMA-DANI-25-G_124040_prd_es_ES.jsp" onclick="javascript:callingTaggingEnpoints('')" itemprop="url"></a>                <div class="hover_container">            <div class="hover">                <div class="info_symbol"></div>            </div>        </div>                    </article>            </li>                    <li class="article" itemprop="itemListElement" itemscope="" itemtype="http://schema.org/Product">                    <article class="article_container" id="item_description_112001">            <a class="article_name" title="Ver ficha de SAL COSTA ALTA COCINA  2 KG" href="/SAL-COSTA-ALTA-COCINA-2-KG_112001_prd_es_ES.jsp" itemprop="url"><span itemprop="name" id="description_text">SAL COSTA ALTA COCINA  2 KG</span></a>            <!--informacion de gluten y calorias -->        <div class="info_container">                                                            <img class="info_icon" alt="10% Descuento para suscriptores Condisline Prime" src="//static.condisline.com/resize_39x39/images/product_icons/icon_subscription.png" width="39" height="39">                                            <a class="info" title="10% Descuento para suscriptores Condisline Prime" href="javascript:void(0);">                            <span class="info_text">10% Descuento para suscriptores Condisline Prime</span>                        </a>                                                        </div>        <img class="article_image" alt="SAL COSTA ALTA COCINA  2 KG" data-original="//static.condisline.com/resize_190x200/images/catalog/large/112001.jpg" src="//static.condisline.com/resize_190x200/images/catalog/large/112001.jpg" width="190" height="200" style="display: block;">        <meta itemprop="image" content="//static.condisline.com/resize_190x200/images/catalog/large/112001.jpg">        <div class="article_price_container" itemprop="offers" itemscope="" itemtype="http://schema.org/Offer">            <!-- Price -->                                            <span class="article_price" itemprop="price"><span id="list_price_112001">2,23</span></span>                <span class="currency">€</span>                <script>                    formatNumber('2.23', 'list_price_112001');                </script>                        <meta itemprop="priceCurrency" content="EUR">            <div class="unit_container">                                    <a class="substract_button" title="Menos" href="javascript:void(0);">-</a>                                <label class="quantity_container">                                                                        <input class="input_quantity_product" id="item_quantity_112001" type="number" data-product="112001" value="" min="1" max="999" required="" autocomplete="off">                                                            </label>                                    <a class="add_button" title="Más" href="javascript:void(0);">+</a>                    <a class="added_tick" title="Cambiar unidades" href="javascript:void(0);"></a>                            </div>                                                <div class="article_pum">                        <span>      1,12€/Kilo</span>                    </div>                                                                            <a data-product-id="112001" class="orange_button btn_add2cart" title="Añadir al carrito" onclick="dataLayer.push({event: 'event_gtm',category:'acciones usuario', action:'a�adir producto desde listado'})" href="javascript:addToCartFromItemList('112001')">AÑADIR AL CARRITO &gt;</a>                                        <span class="added_button">En carrito</span>                                    <a class="white_button" title="Añadir a mi lista" href="javascript:addToListFromItemList('112001')" onclick="dataLayer.push({event: 'event_gtm',category:'acciones usuario', action:'a�adir producto a lista'});">Añadir a mi lista</a>                                </div>                    <a class="article_link" title="Ver ficha de SAL COSTA ALTA COCINA  2 KG" href="/SAL-COSTA-ALTA-COCINA-2-KG_112001_prd_es_ES.jsp" onclick="javascript:callingTaggingEnpoints('')" itemprop="url"></a>                <div class="hover_container">            <div class="hover">                <div class="info_symbol"></div>            </div>        </div>                    </article>            </li>                    <li class="article" itemprop="itemListElement" itemscope="" itemtype="http://schema.org/Product">                    <article class="article_container" id="item_description_110499">            <a class="article_name" title="Ver ficha de SALSA CUCINA ANT ALL ARRABBIATA 190 G" href="/SALSA-CUCINA-ANT-ALL-ARRABBIATA-190-G_110499_prd_es_ES.jsp" itemprop="url"><span itemprop="name" id="description_text">SALSA CUCINA ANT ALL ARRABBIATA 190 G</span></a>            <!--informacion de gluten y calorias -->        <div class="info_container">                                                            <img class="info_icon" alt="10% Descuento para suscriptores Condisline Prime" src="//static.condisline.com/resize_39x39/images/product_icons/icon_subscription.png" width="39" height="39">                                            <a class="info" title="10% Descuento para suscriptores Condisline Prime" href="javascript:void(0);">                            <span class="info_text">10% Descuento para suscriptores Condisline Prime</span>                        </a>                                                        </div>        <img class="article_image" alt="SALSA CUCINA ANT ALL ARRABBIATA 190 G" data-original="//static.condisline.com/resize_190x200/images/catalog/large/110499.jpg" src="//static.condisline.com/resize_190x200/images/catalog/large/110499.jpg" width="190" height="200" style="display: block;">        <meta itemprop="image" content="//static.condisline.com/resize_190x200/images/catalog/large/110499.jpg">        <div class="article_price_container" itemprop="offers" itemscope="" itemtype="http://schema.org/Offer">            <!-- Price -->                                            <span class="article_price" itemprop="price"><span id="list_price_110499">2,45</span></span>                <span class="currency">€</span>                <script>                    formatNumber('2.45', 'list_price_110499');                </script>                        <meta itemprop="priceCurrency" content="EUR">            <div class="unit_container">                                    <a class="substract_button" title="Menos" href="javascript:void(0);">-</a>                                <label class="quantity_container">                                                                        <input class="input_quantity_product" id="item_quantity_110499" type="number" data-product="110499" value="" min="1" max="999" required="" autocomplete="off">                                                            </label>                                    <a class="add_button" title="Más" href="javascript:void(0);">+</a>                    <a class="added_tick" title="Cambiar unidades" href="javascript:void(0);"></a>                            </div>                                                <div class="article_pum">                        <span>     12,89€/Kilo</span>                    </div>                                                                            <a data-product-id="110499" class="orange_button btn_add2cart" title="Añadir al carrito" onclick="dataLayer.push({event: 'event_gtm',category:'acciones usuario', action:'a�adir producto desde listado'})" href="javascript:addToCartFromItemList('110499')">AÑADIR AL CARRITO &gt;</a>                                        <span class="added_button">En carrito</span>                                    <a class="white_button" title="Añadir a mi lista" href="javascript:addToListFromItemList('110499')" onclick="dataLayer.push({event: 'event_gtm',category:'acciones usuario', action:'a�adir producto a lista'});">Añadir a mi lista</a>                                </div>                    <a class="article_link" title="Ver ficha de SALSA CUCINA ANT ALL ARRABBIATA 190 G" href="/SALSA-CUCINA-ANT-ALL-ARRABBIATA-190-G_110499_prd_es_ES.jsp" onclick="javascript:callingTaggingEnpoints('')" itemprop="url"></a>                <div class="hover_container">            <div class="hover">                <div class="info_symbol"></div>            </div>        </div>                    </article>            </li>                    <li class="article" itemprop="itemListElement" itemscope="" itemtype="http://schema.org/Product">                    <article class="article_container" id="item_description_110410">            <a class="article_name" title="Ver ficha de SALSA BBQ BULL'S-EYE ORIGINAL 300 G" href="/SALSA-BBQ-BULL-S-EYE-ORIGINAL-300-G_110410_prd_es_ES.jsp" itemprop="url"><span itemprop="name" id="description_text">SALSA BBQ BULL'S-EYE ORIGINAL 300 G</span></a>            <!--informacion de gluten y calorias -->        <div class="info_container">                            <span class="calories">160 <span>kcal</span></span>                <a class="info" title="Producto con 160 kilocalorías" href="javascript:void(0);">                    <span class="info_text">Producto con 160 kilocalorías.</span>                </a>                                                            <img class="info_icon" alt="10% Descuento para suscriptores Condisline Prime" src="//static.condisline.com/resize_39x39/images/product_icons/icon_subscription.png" width="39" height="39">                                            <a class="info" title="10% Descuento para suscriptores Condisline Prime" href="javascript:void(0);">                            <span class="info_text">10% Descuento para suscriptores Condisline Prime</span>                        </a>                                                        </div>        <img class="article_image" alt="SALSA BBQ BULL'S-EYE ORIGINAL 300 G" data-original="//static.condisline.com/resize_190x200/images/catalog/large/110410.jpg" src="//static.condisline.com/resize_190x200/images/catalog/large/110410.jpg" width="190" height="200" style="display: block;">        <meta itemprop="image" content="//static.condisline.com/resize_190x200/images/catalog/large/110410.jpg">        <div class="article_price_container" itemprop="offers" itemscope="" itemtype="http://schema.org/Offer">            <!-- Price -->                                            <span class="article_price" itemprop="price"><span id="list_price_110410">3,75</span></span>                <span class="currency">€</span>                <script>                    formatNumber('3.75', 'list_price_110410');                </script>                        <meta itemprop="priceCurrency" content="EUR">            <div class="unit_container">                                    <a class="substract_button" title="Menos" href="javascript:void(0);">-</a>                                <label class="quantity_container">                                                                        <input class="input_quantity_product" id="item_quantity_110410" type="number" data-product="110410" value="" min="1" max="999" required="" autocomplete="off">                                                            </label>                                    <a class="add_button" title="Más" href="javascript:void(0);">+</a>                    <a class="added_tick" title="Cambiar unidades" href="javascript:void(0);"></a>                            </div>                                                <div class="article_pum">                        <span>     12,50€/Kilo</span>                    </div>                                                                            <a data-product-id="110410" class="orange_button btn_add2cart" title="Añadir al carrito" onclick="dataLayer.push({event: 'event_gtm',category:'acciones usuario', action:'a�adir producto desde listado'})" href="javascript:addToCartFromItemList('110410')">AÑADIR AL CARRITO &gt;</a>                                        <span class="added_button">En carrito</span>                                    <a class="white_button" title="Añadir a mi lista" href="javascript:addToListFromItemList('110410')" onclick="dataLayer.push({event: 'event_gtm',category:'acciones usuario', action:'a�adir producto a lista'});">Añadir a mi lista</a>                                </div>                    <a class="article_link" title="Ver ficha de SALSA BBQ BULL'S-EYE ORIGINAL 300 G" href="/SALSA-BBQ-BULL-S-EYE-ORIGINAL-300-G_110410_prd_es_ES.jsp" onclick="javascript:callingTaggingEnpoints('')" itemprop="url"></a>                <div class="hover_container">            <div class="hover">                <div class="info_symbol"></div>            </div>        </div>                    </article>            </li>                    <li class="article" itemprop="itemListElement" itemscope="" itemtype="http://schema.org/Product">                    <article class="article_container" id="item_description_124317">            <a class="article_name" title="Ver ficha de SAL ROSA DEL HIMALAYA DANI 100 G" href="/SAL-ROSA-DEL-HIMALAYA-DANI-100-G_124317_prd_es_ES.jsp" itemprop="url"><span itemprop="name" id="description_text">SAL ROSA DEL HIMALAYA DANI 100 G</span></a>            <!--informacion de gluten y calorias -->        <div class="info_container">                                                            <img class="info_icon" alt="10% Descuento para suscriptores Condisline Prime" src="//static.condisline.com/resize_39x39/images/product_icons/icon_subscription.png" width="39" height="39">                                            <a class="info" title="10% Descuento para suscriptores Condisline Prime" href="javascript:void(0);">                            <span class="info_text">10% Descuento para suscriptores Condisline Prime</span>                        </a>                                                        </div>        <img class="article_image" alt="SAL ROSA DEL HIMALAYA DANI 100 G" data-original="//static.condisline.com/resize_190x200/images/catalog/large/124317.jpg" src="//static.condisline.com/resize_190x200/images/catalog/large/124317.jpg" width="190" height="200" style="display: block;">        <meta itemprop="image" content="//static.condisline.com/resize_190x200/images/catalog/large/124317.jpg">        <div class="article_price_container" itemprop="offers" itemscope="" itemtype="http://schema.org/Offer">            <!-- Price -->                                            <span class="article_price" itemprop="price"><span id="list_price_124317">2,49</span></span>                <span class="currency">€</span>                <script>                    formatNumber('2.49', 'list_price_124317');                </script>                        <meta itemprop="priceCurrency" content="EUR">            <div class="unit_container">                                    <a class="substract_button" title="Menos" href="javascript:void(0);">-</a>                                <label class="quantity_container">                                                                        <input class="input_quantity_product" id="item_quantity_124317" type="number" data-product="124317" value="" min="1" max="999" required="" autocomplete="off">                                                            </label>                                    <a class="add_button" title="Más" href="javascript:void(0);">+</a>                    <a class="added_tick" title="Cambiar unidades" href="javascript:void(0);"></a>                            </div>                                                <div class="article_pum">                        <span>     24,90€/Kilo</span>                    </div>                                                                            <a data-product-id="124317" class="orange_button btn_add2cart" title="Añadir al carrito" onclick="dataLayer.push({event: 'event_gtm',category:'acciones usuario', action:'a�adir producto desde listado'})" href="javascript:addToCartFromItemList('124317')">AÑADIR AL CARRITO &gt;</a>                                        <span class="added_button">En carrito</span>                                    <a class="white_button" title="Añadir a mi lista" href="javascript:addToListFromItemList('124317')" onclick="dataLayer.push({event: 'event_gtm',category:'acciones usuario', action:'a�adir producto a lista'});">Añadir a mi lista</a>                                </div>                    <a class="article_link" title="Ver ficha de SAL ROSA DEL HIMALAYA DANI 100 G" href="/SAL-ROSA-DEL-HIMALAYA-DANI-100-G_124317_prd_es_ES.jsp" onclick="javascript:callingTaggingEnpoints('')" itemprop="url"></a>                <div class="hover_container">            <div class="hover">                <div class="info_symbol"></div>            </div>        </div>                    </article>            </li>                    <li class="article" itemprop="itemListElement" itemscope="" itemtype="http://schema.org/Product">                    <article class="article_container" id="item_description_124298">            <a class="article_name" title="Ver ficha de CEBOLLA FRITA DANI BOLSA 115 G" href="/CEBOLLA-FRITA-DANI-BOLSA-115-G_124298_prd_es_ES.jsp" itemprop="url"><span itemprop="name" id="description_text">CEBOLLA FRITA DANI BOLSA 115 G</span></a>            <!--informacion de gluten y calorias -->        <div class="info_container">                                                            <img class="info_icon" alt="10% Descuento para suscriptores Condisline Prime" src="//static.condisline.com/resize_39x39/images/product_icons/icon_subscription.png" width="39" height="39">                                            <a class="info" title="10% Descuento para suscriptores Condisline Prime" href="javascript:void(0);">                            <span class="info_text">10% Descuento para suscriptores Condisline Prime</span>                        </a>                                                        </div>        <img class="article_image" alt="CEBOLLA FRITA DANI BOLSA 115 G" data-original="//static.condisline.com/resize_190x200/images/catalog/large/124298.jpg" src="//static.condisline.com/resize_190x200/images/catalog/large/124298.jpg" width="190" height="200" style="display: block;">        <meta itemprop="image" content="//static.condisline.com/resize_190x200/images/catalog/large/124298.jpg">        <div class="article_price_container" itemprop="offers" itemscope="" itemtype="http://schema.org/Offer">            <!-- Price -->                                            <span class="article_price" itemprop="price"><span id="list_price_124298">1,99</span></span>                <span class="currency">€</span>                <script>                    formatNumber('1.99', 'list_price_124298');                </script>                        <meta itemprop="priceCurrency" content="EUR">            <div class="unit_container">                                    <a class="substract_button" title="Menos" href="javascript:void(0);">-</a>                                <label class="quantity_container">                                                                        <input class="input_quantity_product" id="item_quantity_124298" type="number" data-product="124298" value="" min="1" max="999" required="" autocomplete="off">                                                            </label>                                    <a class="add_button" title="Más" href="javascript:void(0);">+</a>                    <a class="added_tick" title="Cambiar unidades" href="javascript:void(0);"></a>                            </div>                                                <div class="article_pum">                        <span>     17,30€/Kilo</span>                    </div>                                                        <a class="white_button" style="line-height: 30px" title="Añadir al carrito" href="javascript:condisAlert('Producto temporalmente no disponible')">AÑADIR AL CARRITO &gt;</a>                        <span class="added_button">En carrito</span>                                    <a class="white_button" title="Añadir a mi lista" href="javascript:addToListFromItemList('124298')" onclick="dataLayer.push({event: 'event_gtm',category:'acciones usuario', action:'a�adir producto a lista'});">Añadir a mi lista</a>                                </div>                    <a class="article_link" title="Ver ficha de CEBOLLA FRITA DANI BOLSA 115 G" href="/CEBOLLA-FRITA-DANI-BOLSA-115-G_124298_prd_es_ES.jsp" onclick="javascript:callingTaggingEnpoints('')" itemprop="url"></a>                <div class="hover_container">            <div class="hover">                <div class="info_symbol"></div>            </div>        </div>                    </article>            </li>                    <li class="article" itemprop="itemListElement" itemscope="" itemtype="http://schema.org/Product">                    <article class="article_container" id="item_description_124207">            <a class="article_name" title="Ver ficha de SAZONADOR CHIMICHURRI DANI 15 G" href="/SAZONADOR-CHIMICHURRI-DANI-15-G_124207_prd_es_ES.jsp" itemprop="url"><span itemprop="name" id="description_text">SAZONADOR CHIMICHURRI DANI 15 G</span></a>            <!--informacion de gluten y calorias -->        <div class="info_container">                                                            <img class="info_icon" alt="10% Descuento para suscriptores Condisline Prime" src="//static.condisline.com/resize_39x39/images/product_icons/icon_subscription.png" width="39" height="39">                                            <a class="info" title="10% Descuento para suscriptores Condisline Prime" href="javascript:void(0);">                            <span class="info_text">10% Descuento para suscriptores Condisline Prime</span>                        </a>                                                        </div>        <img class="article_image" alt="SAZONADOR CHIMICHURRI DANI 15 G" data-original="//static.condisline.com/resize_190x200/images/catalog/large/124207.jpg" src="//static.condisline.com/resize_190x200/images/catalog/large/124207.jpg" width="190" height="200" style="display: block;">        <meta itemprop="image" content="//static.condisline.com/resize_190x200/images/catalog/large/124207.jpg">        <div class="article_price_container" itemprop="offers" itemscope="" itemtype="http://schema.org/Offer">            <!-- Price -->                                            <span class="article_price" itemprop="price"><span id="list_price_124207">1,15</span></span>                <span class="currency">€</span>                <script>                    formatNumber('1.15', 'list_price_124207');                </script>                        <meta itemprop="priceCurrency" content="EUR">            <div class="unit_container">                                    <a class="substract_button" title="Menos" href="javascript:void(0);">-</a>                                <label class="quantity_container">                                                                        <input class="input_quantity_product" id="item_quantity_124207" type="number" data-product="124207" value="" min="1" max="999" required="" autocomplete="off">                                                            </label>                                    <a class="add_button" title="Más" href="javascript:void(0);">+</a>                    <a class="added_tick" title="Cambiar unidades" href="javascript:void(0);"></a>                            </div>                                                <div class="article_pum">                        <span>     76,67€/Kilo</span>                    </div>                                                                            <a data-product-id="124207" class="orange_button btn_add2cart" title="Añadir al carrito" onclick="dataLayer.push({event: 'event_gtm',category:'acciones usuario', action:'a�adir producto desde listado'})" href="javascript:addToCartFromItemList('124207')">AÑADIR AL CARRITO &gt;</a>                                        <span class="added_button">En carrito</span>                                    <a class="white_button" title="Añadir a mi lista" href="javascript:addToListFromItemList('124207')" onclick="dataLayer.push({event: 'event_gtm',category:'acciones usuario', action:'a�adir producto a lista'});">Añadir a mi lista</a>                                </div>                    <a class="article_link" title="Ver ficha de SAZONADOR CHIMICHURRI DANI 15 G" href="/SAZONADOR-CHIMICHURRI-DANI-15-G_124207_prd_es_ES.jsp" onclick="javascript:callingTaggingEnpoints('')" itemprop="url"></a>                <div class="hover_container">            <div class="hover">                <div class="info_symbol"></div>            </div>        </div>                    </article>            </li>                    <li class="article" itemprop="itemListElement" itemscope="" itemtype="http://schema.org/Product">                    <article class="article_container" id="item_description_124179">            <a class="article_name" title="Ver ficha de VAINILLA CONDIS AZUCARADA 75 G" href="/VAINILLA-CONDIS-AZUCARADA-75-G_124179_prd_es_ES.jsp" itemprop="url"><span itemprop="name" id="description_text">VAINILLA CONDIS AZUCARADA 75 G</span></a>            <!--informacion de gluten y calorias -->        <div class="info_container">                                                            <img class="info_icon" alt="10% Descuento para suscriptores Condisline Prime" src="//static.condisline.com/resize_39x39/images/product_icons/icon_subscription.png" width="39" height="39">                                            <a class="info" title="10% Descuento para suscriptores Condisline Prime" href="javascript:void(0);">                            <span class="info_text">10% Descuento para suscriptores Condisline Prime</span>                        </a>                                                        <img class="info_icon" alt="Producto sin gluten" src="//static.condisline.com/resize_39x39/images/product_icons/no_gluten.png" width="39" height="39">                                            <a class="info" title="Producto sin gluten" href="javascript:void(0);">                            <span class="info_text">Producto sin gluten</span>                        </a>                                                        <img class="info_icon" alt="Marca propia" src="//static.condisline.com/resize_39x39/images/product_icons/marca_propia.png" width="39" height="39">                                            <a class="info" title="Marca propia" href="javascript:void(0);">                            <span class="info_text">Marca propia</span>                        </a>                                                        </div>        <img class="article_image" alt="VAINILLA CONDIS AZUCARADA 75 G" data-original="//static.condisline.com/resize_190x200/images/catalog/large/124179.jpg" src="//static.condisline.com/resize_190x200/images/catalog/large/124179.jpg" width="190" height="200" style="display: block;">        <meta itemprop="image" content="//static.condisline.com/resize_190x200/images/catalog/large/124179.jpg">        <div class="article_price_container" itemprop="offers" itemscope="" itemtype="http://schema.org/Offer">            <!-- Price -->                                            <span class="article_price" itemprop="price"><span id="list_price_124179">0,85</span></span>                <span class="currency">€</span>                <script>                    formatNumber('0.85', 'list_price_124179');                </script>                        <meta itemprop="priceCurrency" content="EUR">            <div class="unit_container">                                    <a class="substract_button" title="Menos" href="javascript:void(0);">-</a>                                <label class="quantity_container">                                                                        <input class="input_quantity_product" id="item_quantity_124179" type="number" data-product="124179" value="" min="1" max="999" required="" autocomplete="off">                                                            </label>                                    <a class="add_button" title="Más" href="javascript:void(0);">+</a>                    <a class="added_tick" title="Cambiar unidades" href="javascript:void(0);"></a>                            </div>                                                <div class="article_pum">                        <span>     11,33€/Kilo</span>                    </div>                                                                            <a data-product-id="124179" class="orange_button btn_add2cart" title="Añadir al carrito" onclick="dataLayer.push({event: 'event_gtm',category:'acciones usuario', action:'a�adir producto desde listado'})" href="javascript:addToCartFromItemList('124179')">AÑADIR AL CARRITO &gt;</a>                                        <span class="added_button">En carrito</span>                                    <a class="white_button" title="Añadir a mi lista" href="javascript:addToListFromItemList('124179')" onclick="dataLayer.push({event: 'event_gtm',category:'acciones usuario', action:'a�adir producto a lista'});">Añadir a mi lista</a>                                </div>                    <a class="article_link" title="Ver ficha de VAINILLA CONDIS AZUCARADA 75 G" href="/VAINILLA-CONDIS-AZUCARADA-75-G_124179_prd_es_ES.jsp" onclick="javascript:callingTaggingEnpoints('')" itemprop="url"></a>                <div class="hover_container">            <div class="hover">                <div class="info_symbol"></div>            </div>        </div>                    </article>            </li>                    <li class="article" itemprop="itemListElement" itemscope="" itemtype="http://schema.org/Product">                    <article class="article_container" id="item_description_124176">            <a class="article_name" title="Ver ficha de NUEZ MOSCAD CONDIS MOLIDA 45 G" href="/NUEZ-MOSCAD-CONDIS-MOLIDA-45-G_124176_prd_es_ES.jsp" itemprop="url"><span itemprop="name" id="description_text">NUEZ MOSCAD CONDIS MOLIDA 45 G</span></a>            <!--informacion de gluten y calorias -->        <div class="info_container">                                                            <img class="info_icon" alt="10% Descuento para suscriptores Condisline Prime" src="//static.condisline.com/resize_39x39/images/product_icons/icon_subscription.png" width="39" height="39">                                            <a class="info" title="10% Descuento para suscriptores Condisline Prime" href="javascript:void(0);">                            <span class="info_text">10% Descuento para suscriptores Condisline Prime</span>                        </a>                                                        <img class="info_icon" alt="Producto sin gluten" src="//static.condisline.com/resize_39x39/images/product_icons/no_gluten.png" width="39" height="39">                                            <a class="info" title="Producto sin gluten" href="javascript:void(0);">                            <span class="info_text">Producto sin gluten</span>                        </a>                                                        <img class="info_icon" alt="Marca propia" src="//static.condisline.com/resize_39x39/images/product_icons/marca_propia.png" width="39" height="39">                                            <a class="info" title="Marca propia" href="javascript:void(0);">                            <span class="info_text">Marca propia</span>                        </a>                                                        </div>        <img class="article_image" alt="NUEZ MOSCAD CONDIS MOLIDA 45 G" data-original="//static.condisline.com/resize_190x200/images/catalog/large/124176.jpg" src="//static.condisline.com/resize_190x200/images/catalog/large/124176.jpg" width="190" height="200" style="display: block;">        <meta itemprop="image" content="//static.condisline.com/resize_190x200/images/catalog/large/124176.jpg">        <div class="article_price_container" itemprop="offers" itemscope="" itemtype="http://schema.org/Offer">            <!-- Price -->                                            <span class="article_price" itemprop="price"><span id="list_price_124176">1,39</span></span>                <span class="currency">€</span>                <script>                    formatNumber('1.39', 'list_price_124176');                </script>                        <meta itemprop="priceCurrency" content="EUR">            <div class="unit_container">                                    <a class="substract_button" title="Menos" href="javascript:void(0);">-</a>                                <label class="quantity_container">                                                                        <input class="input_quantity_product" id="item_quantity_124176" type="number" data-product="124176" value="" min="1" max="999" required="" autocomplete="off">                                                            </label>                                    <a class="add_button" title="Más" href="javascript:void(0);">+</a>                    <a class="added_tick" title="Cambiar unidades" href="javascript:void(0);"></a>                            </div>                                                <div class="article_pum">                        <span>     30,89€/Kilo</span>                    </div>                                                                            <a data-product-id="124176" class="orange_button btn_add2cart" title="Añadir al carrito" onclick="dataLayer.push({event: 'event_gtm',category:'acciones usuario', action:'a�adir producto desde listado'})" href="javascript:addToCartFromItemList('124176')">AÑADIR AL CARRITO &gt;</a>                                        <span class="added_button">En carrito</span>                                    <a class="white_button" title="Añadir a mi lista" href="javascript:addToListFromItemList('124176')" onclick="dataLayer.push({event: 'event_gtm',category:'acciones usuario', action:'a�adir producto a lista'});">Añadir a mi lista</a>                                </div>                    <a class="article_link" title="Ver ficha de NUEZ MOSCAD CONDIS MOLIDA 45 G" href="/NUEZ-MOSCAD-CONDIS-MOLIDA-45-G_124176_prd_es_ES.jsp" onclick="javascript:callingTaggingEnpoints('')" itemprop="url"></a>                <div class="hover_container">            <div class="hover">                <div class="info_symbol"></div>            </div>        </div>                    </article>            </li>                    <li class="article" itemprop="itemListElement" itemscope="" itemtype="http://schema.org/Product">                    <article class="article_container" id="item_description_124173">            <a class="article_name" title="Ver ficha de PICADES CONDIS  25 G" href="/PICADES-CONDIS-25-G_124173_prd_es_ES.jsp" itemprop="url"><span itemprop="name" id="description_text">PICADES CONDIS  25 G</span></a>            <!--informacion de gluten y calorias -->        <div class="info_container">                            <span class="calories">587 <span>kcal</span></span>                <a class="info" title="Producto con 587 kilocalorías" href="javascript:void(0);">                    <span class="info_text">Producto con 587 kilocalorías.</span>                </a>                                                            <img class="info_icon" alt="10% Descuento para suscriptores Condisline Prime" src="//static.condisline.com/resize_39x39/images/product_icons/icon_subscription.png" width="39" height="39">                                            <a class="info" title="10% Descuento para suscriptores Condisline Prime" href="javascript:void(0);">                            <span class="info_text">10% Descuento para suscriptores Condisline Prime</span>                        </a>                                                        <img class="info_icon" alt="Marca propia" src="//static.condisline.com/resize_39x39/images/product_icons/marca_propia.png" width="39" height="39">                                            <a class="info" title="Marca propia" href="javascript:void(0);">                            <span class="info_text">Marca propia</span>                        </a>                                                        </div>        <img class="article_image" alt="PICADES CONDIS  25 G" data-original="//static.condisline.com/resize_190x200/images/catalog/large/124173.jpg" src="//static.condisline.com/resize_190x200/images/catalog/large/124173.jpg" width="190" height="200" style="display: block;">        <meta itemprop="image" content="//static.condisline.com/resize_190x200/images/catalog/large/124173.jpg">        <div class="article_price_container" itemprop="offers" itemscope="" itemtype="http://schema.org/Offer">            <!-- Price -->                                            <span class="article_price" itemprop="price"><span id="list_price_124173">0,79</span></span>                <span class="currency">€</span>                <script>                    formatNumber('0.79', 'list_price_124173');                </script>                        <meta itemprop="priceCurrency" content="EUR">            <div class="unit_container">                                    <a class="substract_button" title="Menos" href="javascript:void(0);">-</a>                                <label class="quantity_container">                                                                        <input class="input_quantity_product" id="item_quantity_124173" type="number" data-product="124173" value="" min="1" max="999" required="" autocomplete="off">                                                            </label>                                    <a class="add_button" title="Más" href="javascript:void(0);">+</a>                    <a class="added_tick" title="Cambiar unidades" href="javascript:void(0);"></a>                            </div>                                                <div class="article_pum">                        <span>     31,60€/Kilo</span>                    </div>                                                                            <a data-product-id="124173" class="orange_button btn_add2cart" title="Añadir al carrito" onclick="dataLayer.push({event: 'event_gtm',category:'acciones usuario', action:'a�adir producto desde listado'})" href="javascript:addToCartFromItemList('124173')">AÑADIR AL CARRITO &gt;</a>                                        <span class="added_button">En carrito</span>                                    <a class="white_button" title="Añadir a mi lista" href="javascript:addToListFromItemList('124173')" onclick="dataLayer.push({event: 'event_gtm',category:'acciones usuario', action:'a�adir producto a lista'});">Añadir a mi lista</a>                                </div>                    <a class="article_link" title="Ver ficha de PICADES CONDIS  25 G" href="/PICADES-CONDIS-25-G_124173_prd_es_ES.jsp" onclick="javascript:callingTaggingEnpoints('')" itemprop="url"></a>                <div class="hover_container">            <div class="hover">                <div class="info_symbol"></div>            </div>        </div>                    </article>            </li>                    <li class="article" itemprop="itemListElement" itemscope="" itemtype="http://schema.org/Product">                    <article class="article_container" id="item_description_124376">            <a class="article_name" title="Ver ficha de TOMILLO CONDIS HOJA 18 G" href="/TOMILLO-CONDIS-HOJA-18-G_124376_prd_es_ES.jsp" itemprop="url"><span itemprop="name" id="description_text">TOMILLO CONDIS HOJA 18 G</span></a>            <!--informacion de gluten y calorias -->        <div class="info_container">                                                            <img class="info_icon" alt="10% Descuento para suscriptores Condisline Prime" src="//static.condisline.com/resize_39x39/images/product_icons/icon_subscription.png" width="39" height="39">                                            <a class="info" title="10% Descuento para suscriptores Condisline Prime" href="javascript:void(0);">                            <span class="info_text">10% Descuento para suscriptores Condisline Prime</span>                        </a>                                                        <img class="info_icon" alt="Marca propia" src="//static.condisline.com/resize_39x39/images/product_icons/marca_propia.png" width="39" height="39">                                            <a class="info" title="Marca propia" href="javascript:void(0);">                            <span class="info_text">Marca propia</span>                        </a>                                                        </div>        <img class="article_image" alt="TOMILLO CONDIS HOJA 18 G" data-original="//static.condisline.com/resize_190x200/images/catalog/large/124376.jpg" src="//static.condisline.com/resize_190x200/images/catalog/large/124376.jpg" width="190" height="200" style="display: block;">        <meta itemprop="image" content="//static.condisline.com/resize_190x200/images/catalog/large/124376.jpg">        <div class="article_price_container" itemprop="offers" itemscope="" itemtype="http://schema.org/Offer">            <!-- Price -->                                            <span class="article_price" itemprop="price"><span id="list_price_124376">0,79</span></span>                <span class="currency">€</span>                <script>                    formatNumber('0.79', 'list_price_124376');                </script>                        <meta itemprop="priceCurrency" content="EUR">            <div class="unit_container">                                    <a class="substract_button" title="Menos" href="javascript:void(0);">-</a>                                <label class="quantity_container">                                                                        <input class="input_quantity_product" id="item_quantity_124376" type="number" data-product="124376" value="" min="1" max="999" required="" autocomplete="off">                                                            </label>                                    <a class="add_button" title="Más" href="javascript:void(0);">+</a>                    <a class="added_tick" title="Cambiar unidades" href="javascript:void(0);"></a>                            </div>                                                <div class="article_pum">                        <span>     43,89€/Kilo</span>                    </div>                                                                            <a data-product-id="124376" class="orange_button btn_add2cart" title="Añadir al carrito" onclick="dataLayer.push({event: 'event_gtm',category:'acciones usuario', action:'a�adir producto desde listado'})" href="javascript:addToCartFromItemList('124376')">AÑADIR AL CARRITO &gt;</a>                                        <span class="added_button">En carrito</span>                                    <a class="white_button" title="Añadir a mi lista" href="javascript:addToListFromItemList('124376')" onclick="dataLayer.push({event: 'event_gtm',category:'acciones usuario', action:'a�adir producto a lista'});">Añadir a mi lista</a>                                </div>                    <a class="article_link" title="Ver ficha de TOMILLO CONDIS HOJA 18 G" href="/TOMILLO-CONDIS-HOJA-18-G_124376_prd_es_ES.jsp" onclick="javascript:callingTaggingEnpoints('')" itemprop="url"></a>                <div class="hover_container">            <div class="hover">                <div class="info_symbol"></div>            </div>        </div>                    </article>            </li>                    <li class="article" itemprop="itemListElement" itemscope="" itemtype="http://schema.org/Product">                    <article class="article_container" id="item_description_124372">            <a class="article_name" title="Ver ficha de GUINDILLA CONDIS RAMA(CAYENA) 17 G" href="/GUINDILLA-CONDIS-RAMA-CAYENA-17-G_124372_prd_es_ES.jsp" itemprop="url"><span itemprop="name" id="description_text">GUINDILLA CONDIS RAMA(CAYENA) 17 G</span></a>            <!--informacion de gluten y calorias -->        <div class="info_container">                                                            <img class="info_icon" alt="10% Descuento para suscriptores Condisline Prime" src="//static.condisline.com/resize_39x39/images/product_icons/icon_subscription.png" width="39" height="39">                                            <a class="info" title="10% Descuento para suscriptores Condisline Prime" href="javascript:void(0);">                            <span class="info_text">10% Descuento para suscriptores Condisline Prime</span>                        </a>                                                        <img class="info_icon" alt="Marca propia" src="//static.condisline.com/resize_39x39/images/product_icons/marca_propia.png" width="39" height="39">                                            <a class="info" title="Marca propia" href="javascript:void(0);">                            <span class="info_text">Marca propia</span>                        </a>                                                        </div>        <img class="article_image" alt="GUINDILLA CONDIS RAMA(CAYENA) 17 G" data-original="//static.condisline.com/resize_190x200/images/catalog/large/124372.jpg" src="//static.condisline.com/resize_190x200/images/catalog/large/124372.jpg" width="190" height="200" style="display: block;">        <meta itemprop="image" content="//static.condisline.com/resize_190x200/images/catalog/large/124372.jpg">        <div class="article_price_container" itemprop="offers" itemscope="" itemtype="http://schema.org/Offer">            <!-- Price -->                                            <span class="article_price" itemprop="price"><span id="list_price_124372">0,75</span></span>                <span class="currency">€</span>                <script>                    formatNumber('0.75', 'list_price_124372');                </script>                        <meta itemprop="priceCurrency" content="EUR">            <div class="unit_container">                                    <a class="substract_button" title="Menos" href="javascript:void(0);">-</a>                                <label class="quantity_container">                                                                        <input class="input_quantity_product" id="item_quantity_124372" type="number" data-product="124372" value="" min="1" max="999" required="" autocomplete="off">                                                            </label>                                    <a class="add_button" title="Más" href="javascript:void(0);">+</a>                    <a class="added_tick" title="Cambiar unidades" href="javascript:void(0);"></a>                            </div>                                                <div class="article_pum">                        <span>     44,12€/Kilo</span>                    </div>                                                                            <a data-product-id="124372" class="orange_button btn_add2cart" title="Añadir al carrito" onclick="dataLayer.push({event: 'event_gtm',category:'acciones usuario', action:'a�adir producto desde listado'})" href="javascript:addToCartFromItemList('124372')">AÑADIR AL CARRITO &gt;</a>                                        <span class="added_button">En carrito</span>                                    <a class="white_button" title="Añadir a mi lista" href="javascript:addToListFromItemList('124372')" onclick="dataLayer.push({event: 'event_gtm',category:'acciones usuario', action:'a�adir producto a lista'});">Añadir a mi lista</a>                                </div>                    <a class="article_link" title="Ver ficha de GUINDILLA CONDIS RAMA(CAYENA) 17 G" href="/GUINDILLA-CONDIS-RAMA-CAYENA-17-G_124372_prd_es_ES.jsp" onclick="javascript:callingTaggingEnpoints('')" itemprop="url"></a>                <div class="hover_container">            <div class="hover">                <div class="info_symbol"></div>            </div>        </div>                    </article>            </li>                    <li class="article" itemprop="itemListElement" itemscope="" itemtype="http://schema.org/Product">                    <article class="article_container" id="item_description_124347">            <a class="article_name" title="Ver ficha de 5 PIMIENTAS DANI 180 G" href="/5-PIMIENTAS-DANI-180-G_124347_prd_es_ES.jsp" itemprop="url"><span itemprop="name" id="description_text">5 PIMIENTAS DANI 180 G</span></a>            <!--informacion de gluten y calorias -->        <div class="info_container">                                                            <img class="info_icon" alt="10% Descuento para suscriptores Condisline Prime" src="//static.condisline.com/resize_39x39/images/product_icons/icon_subscription.png" width="39" height="39">                                            <a class="info" title="10% Descuento para suscriptores Condisline Prime" href="javascript:void(0);">                            <span class="info_text">10% Descuento para suscriptores Condisline Prime</span>                        </a>                                                        </div>        <img class="article_image" alt="5 PIMIENTAS DANI 180 G" data-original="//static.condisline.com/resize_190x200/images/catalog/large/124347.jpg" src="//static.condisline.com/resize_190x200/images/catalog/large/124347.jpg" width="190" height="200" style="display: block;">        <meta itemprop="image" content="//static.condisline.com/resize_190x200/images/catalog/large/124347.jpg">        <div class="article_price_container" itemprop="offers" itemscope="" itemtype="http://schema.org/Offer">            <!-- Price -->                                            <span class="article_price" itemprop="price"><span id="list_price_124347">6,79</span></span>                <span class="currency">€</span>                <script>                    formatNumber('6.79', 'list_price_124347');                </script>                        <meta itemprop="priceCurrency" content="EUR">            <div class="unit_container">                                    <a class="substract_button" title="Menos" href="javascript:void(0);">-</a>                                <label class="quantity_container">                                                                        <input class="input_quantity_product" id="item_quantity_124347" type="number" data-product="124347" value="" min="1" max="999" required="" autocomplete="off">                                                            </label>                                    <a class="add_button" title="Más" href="javascript:void(0);">+</a>                    <a class="added_tick" title="Cambiar unidades" href="javascript:void(0);"></a>                            </div>                                                <div class="article_pum">                        <span>     37,72€/Kilo</span>                    </div>                                                                            <a data-product-id="124347" class="orange_button btn_add2cart" title="Añadir al carrito" onclick="dataLayer.push({event: 'event_gtm',category:'acciones usuario', action:'a�adir producto desde listado'})" href="javascript:addToCartFromItemList('124347')">AÑADIR AL CARRITO &gt;</a>                                        <span class="added_button">En carrito</span>                                    <a class="white_button" title="Añadir a mi lista" href="javascript:addToListFromItemList('124347')" onclick="dataLayer.push({event: 'event_gtm',category:'acciones usuario', action:'a�adir producto a lista'});">Añadir a mi lista</a>                                </div>                    <a class="article_link" title="Ver ficha de 5 PIMIENTAS DANI 180 G" href="/5-PIMIENTAS-DANI-180-G_124347_prd_es_ES.jsp" onclick="javascript:callingTaggingEnpoints('')" itemprop="url"></a>                <div class="hover_container">            <div class="hover">                <div class="info_symbol"></div>            </div>        </div>                    </article>            </li>                    <li class="article" itemprop="itemListElement" itemscope="" itemtype="http://schema.org/Product">                    <article class="article_container" id="item_description_124327">            <a class="article_name" title="Ver ficha de ROMERO HOJA DANI 15 G" href="/ROMERO-HOJA-DANI-15-G_124327_prd_es_ES.jsp" itemprop="url"><span itemprop="name" id="description_text">ROMERO HOJA DANI 15 G</span></a>            <!--informacion de gluten y calorias -->        <div class="info_container">                                                            <img class="info_icon" alt="10% Descuento para suscriptores Condisline Prime" src="//static.condisline.com/resize_39x39/images/product_icons/icon_subscription.png" width="39" height="39">                                            <a class="info" title="10% Descuento para suscriptores Condisline Prime" href="javascript:void(0);">                            <span class="info_text">10% Descuento para suscriptores Condisline Prime</span>                        </a>                                                        </div>        <img class="article_image" alt="ROMERO HOJA DANI 15 G" data-original="//static.condisline.com/resize_190x200/images/catalog/large/124327.jpg" src="//static.condisline.com/resize_190x200/images/catalog/large/124327.jpg" width="190" height="200" style="display: block;">        <meta itemprop="image" content="//static.condisline.com/resize_190x200/images/catalog/large/124327.jpg">        <div class="article_price_container" itemprop="offers" itemscope="" itemtype="http://schema.org/Offer">            <!-- Price -->                                            <span class="article_price" itemprop="price"><span id="list_price_124327">0,89</span></span>                <span class="currency">€</span>                <script>                    formatNumber('0.89', 'list_price_124327');                </script>                        <meta itemprop="priceCurrency" content="EUR">            <div class="unit_container">                                    <a class="substract_button" title="Menos" href="javascript:void(0);">-</a>                                <label class="quantity_container">                                                                        <input class="input_quantity_product" id="item_quantity_124327" type="number" data-product="124327" value="" min="1" max="999" required="" autocomplete="off">                                                            </label>                                    <a class="add_button" title="Más" href="javascript:void(0);">+</a>                    <a class="added_tick" title="Cambiar unidades" href="javascript:void(0);"></a>                            </div>                                                <div class="article_pum">                        <span>     59,33€/Kilo</span>                    </div>                                                                            <a data-product-id="124327" class="orange_button btn_add2cart" title="Añadir al carrito" onclick="dataLayer.push({event: 'event_gtm',category:'acciones usuario', action:'a�adir producto desde listado'})" href="javascript:addToCartFromItemList('124327')">AÑADIR AL CARRITO &gt;</a>                                        <span class="added_button">En carrito</span>                                    <a class="white_button" title="Añadir a mi lista" href="javascript:addToListFromItemList('124327')" onclick="dataLayer.push({event: 'event_gtm',category:'acciones usuario', action:'a�adir producto a lista'});">Añadir a mi lista</a>                                </div>                    <a class="article_link" title="Ver ficha de ROMERO HOJA DANI 15 G" href="/ROMERO-HOJA-DANI-15-G_124327_prd_es_ES.jsp" onclick="javascript:callingTaggingEnpoints('')" itemprop="url"></a>                <div class="hover_container">            <div class="hover">                <div class="info_symbol"></div>            </div>        </div>                    </article>            </li>                    <li class="article" itemprop="itemListElement" itemscope="" itemtype="http://schema.org/Product">                    <article class="article_container" id="item_description_124289">            <a class="article_name" title="Ver ficha de HIERBAS PROVENZALES DANI  BOLSA 40 G" href="/HIERBAS-PROVENZALES-DANI-BOLSA-40-G_124289_prd_es_ES.jsp" itemprop="url"><span itemprop="name" id="description_text">HIERBAS PROVENZALES DANI  BOLSA 40 G</span></a>            <!--informacion de gluten y calorias -->        <div class="info_container">                                                            <img class="info_icon" alt="10% Descuento para suscriptores Condisline Prime" src="//static.condisline.com/resize_39x39/images/product_icons/icon_subscription.png" width="39" height="39">                                            <a class="info" title="10% Descuento para suscriptores Condisline Prime" href="javascript:void(0);">                            <span class="info_text">10% Descuento para suscriptores Condisline Prime</span>                        </a>                                                        </div>        <img class="article_image" alt="HIERBAS PROVENZALES DANI  BOLSA 40 G" data-original="//static.condisline.com/resize_190x200/images/catalog/large/124289.jpg" src="//static.condisline.com/resize_190x200/images/catalog/large/124289.jpg" width="190" height="200" style="display: block;">        <meta itemprop="image" content="//static.condisline.com/resize_190x200/images/catalog/large/124289.jpg">        <div class="article_price_container" itemprop="offers" itemscope="" itemtype="http://schema.org/Offer">            <!-- Price -->                                            <span class="article_price" itemprop="price"><span id="list_price_124289">1,15</span></span>                <span class="currency">€</span>                <script>                    formatNumber('1.15', 'list_price_124289');                </script>                        <meta itemprop="priceCurrency" content="EUR">            <div class="unit_container">                                    <a class="substract_button" title="Menos" href="javascript:void(0);">-</a>                                <label class="quantity_container">                                                                        <input class="input_quantity_product" id="item_quantity_124289" type="number" data-product="124289" value="" min="1" max="999" required="" autocomplete="off">                                                            </label>                                    <a class="add_button" title="Más" href="javascript:void(0);">+</a>                    <a class="added_tick" title="Cambiar unidades" href="javascript:void(0);"></a>                            </div>                                                <div class="article_pum">                        <span>     28,75€/Kilo</span>                    </div>                                                                            <a data-product-id="124289" class="orange_button btn_add2cart" title="Añadir al carrito" onclick="dataLayer.push({event: 'event_gtm',category:'acciones usuario', action:'a�adir producto desde listado'})" href="javascript:addToCartFromItemList('124289')">AÑADIR AL CARRITO &gt;</a>                                        <span class="added_button">En carrito</span>                                    <a class="white_button" title="Añadir a mi lista" href="javascript:addToListFromItemList('124289')" onclick="dataLayer.push({event: 'event_gtm',category:'acciones usuario', action:'a�adir producto a lista'});">Añadir a mi lista</a>                                </div>                    <a class="article_link" title="Ver ficha de HIERBAS PROVENZALES DANI  BOLSA 40 G" href="/HIERBAS-PROVENZALES-DANI-BOLSA-40-G_124289_prd_es_ES.jsp" onclick="javascript:callingTaggingEnpoints('')" itemprop="url"></a>                <div class="hover_container">            <div class="hover">                <div class="info_symbol"></div>            </div>        </div>                    </article>            </li>                    <li class="article" itemprop="itemListElement" itemscope="" itemtype="http://schema.org/Product">                    <article class="article_container" id="item_description_124185">            <a class="article_name" title="Ver ficha de COMINO CONDIS MOLIDO 45 G" href="/COMINO-CONDIS-MOLIDO-45-G_124185_prd_es_ES.jsp" itemprop="url"><span itemprop="name" id="description_text">COMINO CONDIS MOLIDO 45 G</span></a>            <!--informacion de gluten y calorias -->        <div class="info_container">                                                            <img class="info_icon" alt="10% Descuento para suscriptores Condisline Prime" src="//static.condisline.com/resize_39x39/images/product_icons/icon_subscription.png" width="39" height="39">                                            <a class="info" title="10% Descuento para suscriptores Condisline Prime" href="javascript:void(0);">                            <span class="info_text">10% Descuento para suscriptores Condisline Prime</span>                        </a>                                                        <img class="info_icon" alt="Marca propia" src="//static.condisline.com/resize_39x39/images/product_icons/marca_propia.png" width="39" height="39">                                            <a class="info" title="Marca propia" href="javascript:void(0);">                            <span class="info_text">Marca propia</span>                        </a>                                                        </div>        <img class="article_image" alt="COMINO CONDIS MOLIDO 45 G" data-original="//static.condisline.com/resize_190x200/images/catalog/large/124185.jpg" src="//static.condisline.com/resize_190x200/images/catalog/large/124185.jpg" width="190" height="200" style="display: block;">        <meta itemprop="image" content="//static.condisline.com/resize_190x200/images/catalog/large/124185.jpg">        <div class="article_price_container" itemprop="offers" itemscope="" itemtype="http://schema.org/Offer">            <!-- Price -->                                            <span class="article_price" itemprop="price"><span id="list_price_124185">0,93</span></span>                <span class="currency">€</span>                <script>                    formatNumber('0.93', 'list_price_124185');                </script>                        <meta itemprop="priceCurrency" content="EUR">            <div class="unit_container">                                    <a class="substract_button" title="Menos" href="javascript:void(0);">-</a>                                <label class="quantity_container">                                                                        <input class="input_quantity_product" id="item_quantity_124185" type="number" data-product="124185" value="" min="1" max="999" required="" autocomplete="off">                                                            </label>                                    <a class="add_button" title="Más" href="javascript:void(0);">+</a>                    <a class="added_tick" title="Cambiar unidades" href="javascript:void(0);"></a>                            </div>                                                <div class="article_pum">                        <span>     20,67€/Kilo</span>                    </div>                                                                            <a data-product-id="124185" class="orange_button btn_add2cart" title="Añadir al carrito" onclick="dataLayer.push({event: 'event_gtm',category:'acciones usuario', action:'a�adir producto desde listado'})" href="javascript:addToCartFromItemList('124185')">AÑADIR AL CARRITO &gt;</a>                                        <span class="added_button">En carrito</span>                                    <a class="white_button" title="Añadir a mi lista" href="javascript:addToListFromItemList('124185')" onclick="dataLayer.push({event: 'event_gtm',category:'acciones usuario', action:'a�adir producto a lista'});">Añadir a mi lista</a>                                </div>                    <a class="article_link" title="Ver ficha de COMINO CONDIS MOLIDO 45 G" href="/COMINO-CONDIS-MOLIDO-45-G_124185_prd_es_ES.jsp" onclick="javascript:callingTaggingEnpoints('')" itemprop="url"></a>                <div class="hover_container">            <div class="hover">                <div class="info_symbol"></div>            </div>        </div>                    </article>            </li>                    <li class="article" itemprop="itemListElement" itemscope="" itemtype="http://schema.org/Product">                    <article class="article_container" id="item_description_124174">            <a class="article_name" title="Ver ficha de PIMENTON CONDIS PICANTE 45 G" href="/PIMENTON-CONDIS-PICANTE-45-G_124174_prd_es_ES.jsp" itemprop="url"><span itemprop="name" id="description_text">PIMENTON CONDIS PICANTE 45 G</span></a>            <!--informacion de gluten y calorias -->        <div class="info_container">                                                            <img class="info_icon" alt="10% Descuento para suscriptores Condisline Prime" src="//static.condisline.com/resize_39x39/images/product_icons/icon_subscription.png" width="39" height="39">                                            <a class="info" title="10% Descuento para suscriptores Condisline Prime" href="javascript:void(0);">                            <span class="info_text">10% Descuento para suscriptores Condisline Prime</span>                        </a>                                                        <img class="info_icon" alt="Marca propia" src="//static.condisline.com/resize_39x39/images/product_icons/marca_propia.png" width="39" height="39">                                            <a class="info" title="Marca propia" href="javascript:void(0);">                            <span class="info_text">Marca propia</span>                        </a>                                                        </div>        <img class="article_image" alt="PIMENTON CONDIS PICANTE 45 G" data-original="//static.condisline.com/resize_190x200/images/catalog/large/124174.jpg" src="//static.condisline.com/resize_190x200/images/catalog/large/124174.jpg" width="190" height="200" style="display: block;">        <meta itemprop="image" content="//static.condisline.com/resize_190x200/images/catalog/large/124174.jpg">        <div class="article_price_container" itemprop="offers" itemscope="" itemtype="http://schema.org/Offer">            <!-- Price -->                                            <span class="article_price" itemprop="price"><span id="list_price_124174">0,83</span></span>                <span class="currency">€</span>                <script>                    formatNumber('0.83', 'list_price_124174');                </script>                        <meta itemprop="priceCurrency" content="EUR">            <div class="unit_container">                                    <a class="substract_button" title="Menos" href="javascript:void(0);">-</a>                                <label class="quantity_container">                                                                        <input class="input_quantity_product" id="item_quantity_124174" type="number" data-product="124174" value="" min="1" max="999" required="" autocomplete="off">                                                            </label>                                    <a class="add_button" title="Más" href="javascript:void(0);">+</a>                    <a class="added_tick" title="Cambiar unidades" href="javascript:void(0);"></a>                            </div>                                                <div class="article_pum">                        <span>     18,44€/Kilo</span>                    </div>                                                                            <a data-product-id="124174" class="orange_button btn_add2cart" title="Añadir al carrito" onclick="dataLayer.push({event: 'event_gtm',category:'acciones usuario', action:'a�adir producto desde listado'})" href="javascript:addToCartFromItemList('124174')">AÑADIR AL CARRITO &gt;</a>                                        <span class="added_button">En carrito</span>                                    <a class="white_button" title="Añadir a mi lista" href="javascript:addToListFromItemList('124174')" onclick="dataLayer.push({event: 'event_gtm',category:'acciones usuario', action:'a�adir producto a lista'});">Añadir a mi lista</a>                                </div>                    <a class="article_link" title="Ver ficha de PIMENTON CONDIS PICANTE 45 G" href="/PIMENTON-CONDIS-PICANTE-45-G_124174_prd_es_ES.jsp" onclick="javascript:callingTaggingEnpoints('')" itemprop="url"></a>                <div class="hover_container">            <div class="hover">                <div class="info_symbol"></div>            </div>        </div>                    </article>            </li>                    <li class="article" itemprop="itemListElement" itemscope="" itemtype="http://schema.org/Product">                    <article class="article_container" id="item_description_116338">            <a class="article_name" title="Ver ficha de SALSA ZANUY TACO SIN GLUTEN 200 G" href="/SALSA-ZANUY-TACO-SIN-GLUTEN-200-G_116338_prd_es_ES.jsp" itemprop="url"><span itemprop="name" id="description_text">SALSA ZANUY TACO SIN GLUTEN 200 G</span></a>            <!--informacion de gluten y calorias -->        <div class="info_container">                            <span class="calories">61 <span>kcal</span></span>                <a class="info" title="Producto con 61 kilocalorías" href="javascript:void(0);">                    <span class="info_text">Producto con 61 kilocalorías.</span>                </a>                                                            <img class="info_icon" alt="10% Descuento para suscriptores Condisline Prime" src="//static.condisline.com/resize_39x39/images/product_icons/icon_subscription.png" width="39" height="39">                                            <a class="info" title="10% Descuento para suscriptores Condisline Prime" href="javascript:void(0);">                            <span class="info_text">10% Descuento para suscriptores Condisline Prime</span>                        </a>                                                        <img class="info_icon" alt="Producto sin gluten" src="//static.condisline.com/resize_39x39/images/product_icons/no_gluten.png" width="39" height="39">                                            <a class="info" title="Producto sin gluten" href="javascript:void(0);">                            <span class="info_text">Producto sin gluten</span>                        </a>                                                        </div>        <img class="article_image" alt="SALSA ZANUY TACO SIN GLUTEN 200 G" data-original="//static.condisline.com/resize_190x200/images/catalog/large/116338.jpg" src="//static.condisline.com/resize_190x200/images/catalog/large/116338.jpg" width="190" height="200" style="display: block;">        <meta itemprop="image" content="//static.condisline.com/resize_190x200/images/catalog/large/116338.jpg">        <div class="article_price_container" itemprop="offers" itemscope="" itemtype="http://schema.org/Offer">            <!-- Price -->                                            <span class="article_price" itemprop="price"><span id="list_price_116338">1,89</span></span>                <span class="currency">€</span>                <script>                    formatNumber('1.89', 'list_price_116338');                </script>                        <meta itemprop="priceCurrency" content="EUR">            <div class="unit_container">                                    <a class="substract_button" title="Menos" href="javascript:void(0);">-</a>                                <label class="quantity_container">                                                                        <input class="input_quantity_product" id="item_quantity_116338" type="number" data-product="116338" value="" min="1" max="999" required="" autocomplete="off">                                                            </label>                                    <a class="add_button" title="Más" href="javascript:void(0);">+</a>                    <a class="added_tick" title="Cambiar unidades" href="javascript:void(0);"></a>                            </div>                                                <div class="article_pum">                        <span>      9,45€/Kilo</span>                    </div>                                                                            <a data-product-id="116338" class="orange_button btn_add2cart" title="Añadir al carrito" onclick="dataLayer.push({event: 'event_gtm',category:'acciones usuario', action:'a�adir producto desde listado'})" href="javascript:addToCartFromItemList('116338')">AÑADIR AL CARRITO &gt;</a>                                        <span class="added_button">En carrito</span>                                    <a class="white_button" title="Añadir a mi lista" href="javascript:addToListFromItemList('116338')" onclick="dataLayer.push({event: 'event_gtm',category:'acciones usuario', action:'a�adir producto a lista'});">Añadir a mi lista</a>                                </div>                    <a class="article_link" title="Ver ficha de SALSA ZANUY TACO SIN GLUTEN 200 G" href="/SALSA-ZANUY-TACO-SIN-GLUTEN-200-G_116338_prd_es_ES.jsp" onclick="javascript:callingTaggingEnpoints('')" itemprop="url"></a>                <div class="hover_container">            <div class="hover">                <div class="info_symbol"></div>            </div>        </div>                    </article>            </li>                    <li class="article" itemprop="itemListElement" itemscope="" itemtype="http://schema.org/Product">                    <article class="article_container" id="item_description_720054">            <a class="article_name" title="Ver ficha de SAL GRUESA DANI 100 G" href="/SAL-GRUESA-DANI-100-G_720054_prd_es_ES.jsp" itemprop="url"><span itemprop="name" id="description_text">SAL GRUESA DANI 100 G</span></a>            <!--informacion de gluten y calorias -->        <div class="info_container">                                                            <img class="info_icon" alt="10% Descuento para suscriptores Condisline Prime" src="//static.condisline.com/resize_39x39/images/product_icons/icon_subscription.png" width="39" height="39">                                            <a class="info" title="10% Descuento para suscriptores Condisline Prime" href="javascript:void(0);">                            <span class="info_text">10% Descuento para suscriptores Condisline Prime</span>                        </a>                                                        </div>        <img class="article_image" alt="SAL GRUESA DANI 100 G" data-original="//static.condisline.com/resize_190x200/images/catalog/large/720054.jpg" src="//static.condisline.com/resize_190x200/images/catalog/large/720054.jpg" width="190" height="200" style="display: block;">        <meta itemprop="image" content="//static.condisline.com/resize_190x200/images/catalog/large/720054.jpg">        <div class="article_price_container" itemprop="offers" itemscope="" itemtype="http://schema.org/Offer">            <!-- Price -->                                            <span class="article_price" itemprop="price"><span id="list_price_720054">2,55</span></span>                <span class="currency">€</span>                <script>                    formatNumber('2.55', 'list_price_720054');                </script>                        <meta itemprop="priceCurrency" content="EUR">            <div class="unit_container">                                    <a class="substract_button" title="Menos" href="javascript:void(0);">-</a>                                <label class="quantity_container">                                                                        <input class="input_quantity_product" id="item_quantity_720054" type="number" data-product="720054" value="" min="1" max="999" required="" autocomplete="off">                                                            </label>                                    <a class="add_button" title="Más" href="javascript:void(0);">+</a>                    <a class="added_tick" title="Cambiar unidades" href="javascript:void(0);"></a>                            </div>                                                <div class="article_pum">                        <span>     25,50€/Kilo</span>                    </div>                                                                            <a data-product-id="720054" class="orange_button btn_add2cart" title="Añadir al carrito" onclick="dataLayer.push({event: 'event_gtm',category:'acciones usuario', action:'a�adir producto desde listado'})" href="javascript:addToCartFromItemList('720054')">AÑADIR AL CARRITO &gt;</a>                                        <span class="added_button">En carrito</span>                                    <a class="white_button" title="Añadir a mi lista" href="javascript:addToListFromItemList('720054')" onclick="dataLayer.push({event: 'event_gtm',category:'acciones usuario', action:'a�adir producto a lista'});">Añadir a mi lista</a>                                </div>                    <a class="article_link" title="Ver ficha de SAL GRUESA DANI 100 G" href="/SAL-GRUESA-DANI-100-G_720054_prd_es_ES.jsp" onclick="javascript:callingTaggingEnpoints('')" itemprop="url"></a>                <div class="hover_container">            <div class="hover">                <div class="info_symbol"></div>            </div>        </div>                    </article>            </li>        <!--    </ul> --><!--    <ul id="carousel_articles" class="articles_list" itemscope="" itemtype="http://schema.org/ItemList"> -->                    <li class="article" itemprop="itemListElement" itemscope="" itemtype="http://schema.org/Product">                    <article class="article_container" id="item_description_124304">            <a class="article_name" title="Ver ficha de AJO Y PEREJIL DANI BOLSA 40 G" href="/AJO-Y-PEREJIL-DANI-BOLSA-40-G_124304_prd_es_ES.jsp" itemprop="url"><span itemprop="name" id="description_text">AJO Y PEREJIL DANI BOLSA 40 G</span></a>            <!--informacion de gluten y calorias -->        <div class="info_container">                                                            <img class="info_icon" alt="10% Descuento para suscriptores Condisline Prime" src="//static.condisline.com/resize_39x39/images/product_icons/icon_subscription.png" width="39" height="39">                                            <a class="info" title="10% Descuento para suscriptores Condisline Prime" href="javascript:void(0);">                            <span class="info_text">10% Descuento para suscriptores Condisline Prime</span>                        </a>                                                        </div>        <img class="article_image" alt="AJO Y PEREJIL DANI BOLSA 40 G" data-original="//static.condisline.com/resize_190x200/images/catalog/large/124304.jpg" src="//static.condisline.com/resize_190x200/images/catalog/large/124304.jpg" width="190" height="200" style="display: block;">        <meta itemprop="image" content="//static.condisline.com/resize_190x200/images/catalog/large/124304.jpg">        <div class="article_price_container" itemprop="offers" itemscope="" itemtype="http://schema.org/Offer">            <!-- Price -->                                            <span class="article_price" itemprop="price"><span id="list_price_124304">1,59</span></span>                <span class="currency">€</span>                <script>                    formatNumber('1.59', 'list_price_124304');                </script>                        <meta itemprop="priceCurrency" content="EUR">            <div class="unit_container">                                    <a class="substract_button" title="Menos" href="javascript:void(0);">-</a>                                <label class="quantity_container">                                                                        <input class="input_quantity_product" id="item_quantity_124304" type="number" data-product="124304" value="" min="1" max="999" required="" autocomplete="off">                                                            </label>                                    <a class="add_button" title="Más" href="javascript:void(0);">+</a>                    <a class="added_tick" title="Cambiar unidades" href="javascript:void(0);"></a>                            </div>                                                <div class="article_pum">                        <span>     39,75€/Kilo</span>                    </div>                                                                            <a data-product-id="124304" class="orange_button btn_add2cart" title="Añadir al carrito" onclick="dataLayer.push({event: 'event_gtm',category:'acciones usuario', action:'a�adir producto desde listado'})" href="javascript:addToCartFromItemList('124304')">AÑADIR AL CARRITO &gt;</a>                                        <span class="added_button">En carrito</span>                                    <a class="white_button" title="Añadir a mi lista" href="javascript:addToListFromItemList('124304')" onclick="dataLayer.push({event: 'event_gtm',category:'acciones usuario', action:'a�adir producto a lista'});">Añadir a mi lista</a>                                </div>                    <a class="article_link" title="Ver ficha de AJO Y PEREJIL DANI BOLSA 40 G" href="/AJO-Y-PEREJIL-DANI-BOLSA-40-G_124304_prd_es_ES.jsp" onclick="javascript:callingTaggingEnpoints('')" itemprop="url"></a>                <div class="hover_container">            <div class="hover">                <div class="info_symbol"></div>            </div>        </div>                    </article>            </li>                    <li class="article" itemprop="itemListElement" itemscope="" itemtype="http://schema.org/Product">                    <article class="article_container" id="item_description_124294">            <a class="article_name" title="Ver ficha de BOLETUS 100% CEPS DANI BOLSA 20 G" href="/BOLETUS-100-CEPS-DANI-BOLSA-20-G_124294_prd_es_ES.jsp" itemprop="url"><span itemprop="name" id="description_text">BOLETUS 100% CEPS DANI BOLSA 20 G</span></a>            <!--informacion de gluten y calorias -->        <div class="info_container">                                                            <img class="info_icon" alt="10% Descuento para suscriptores Condisline Prime" src="//static.condisline.com/resize_39x39/images/product_icons/icon_subscription.png" width="39" height="39">                                            <a class="info" title="10% Descuento para suscriptores Condisline Prime" href="javascript:void(0);">                            <span class="info_text">10% Descuento para suscriptores Condisline Prime</span>                        </a>                                                        </div>        <img class="article_image" alt="BOLETUS 100% CEPS DANI BOLSA 20 G" data-original="//static.condisline.com/resize_190x200/images/catalog/large/124294.jpg" src="//static.condisline.com/resize_190x200/images/catalog/large/124294.jpg" width="190" height="200" style="display: block;">        <meta itemprop="image" content="//static.condisline.com/resize_190x200/images/catalog/large/124294.jpg">        <div class="article_price_container" itemprop="offers" itemscope="" itemtype="http://schema.org/Offer">            <!-- Price -->                                            <span class="article_price" itemprop="price"><span id="list_price_124294">4,44</span></span>                <span class="currency">€</span>                <script>                    formatNumber('4.44', 'list_price_124294');                </script>                        <meta itemprop="priceCurrency" content="EUR">            <div class="unit_container">                                    <a class="substract_button" title="Menos" href="javascript:void(0);">-</a>                                <label class="quantity_container">                                                                        <input class="input_quantity_product" id="item_quantity_124294" type="number" data-product="124294" value="" min="1" max="999" required="" autocomplete="off">                                                            </label>                                    <a class="add_button" title="Más" href="javascript:void(0);">+</a>                    <a class="added_tick" title="Cambiar unidades" href="javascript:void(0);"></a>                            </div>                                                <div class="article_pum">                        <span>    222,00€/Kilo</span>                    </div>                                                                            <a data-product-id="124294" class="orange_button btn_add2cart" title="Añadir al carrito" onclick="dataLayer.push({event: 'event_gtm',category:'acciones usuario', action:'a�adir producto desde listado'})" href="javascript:addToCartFromItemList('124294')">AÑADIR AL CARRITO &gt;</a>                                        <span class="added_button">En carrito</span>                                    <a class="white_button" title="Añadir a mi lista" href="javascript:addToListFromItemList('124294')" onclick="dataLayer.push({event: 'event_gtm',category:'acciones usuario', action:'a�adir producto a lista'});">Añadir a mi lista</a>                                </div>                    <a class="article_link" title="Ver ficha de BOLETUS 100% CEPS DANI BOLSA 20 G" href="/BOLETUS-100-CEPS-DANI-BOLSA-20-G_124294_prd_es_ES.jsp" onclick="javascript:callingTaggingEnpoints('')" itemprop="url"></a>                <div class="hover_container">            <div class="hover">                <div class="info_symbol"></div>            </div>        </div>                    </article>            </li>                    <li class="article" itemprop="itemListElement" itemscope="" itemtype="http://schema.org/Product">                    <article class="article_container" id="item_description_124291">            <a class="article_name" title="Ver ficha de CAYENA EN RAMA DANI BOLSA 40 G" href="/CAYENA-EN-RAMA-DANI-BOLSA-40-G_124291_prd_es_ES.jsp" itemprop="url"><span itemprop="name" id="description_text">CAYENA EN RAMA DANI BOLSA 40 G</span></a>            <!--informacion de gluten y calorias -->        <div class="info_container">                                                            <img class="info_icon" alt="10% Descuento para suscriptores Condisline Prime" src="//static.condisline.com/resize_39x39/images/product_icons/icon_subscription.png" width="39" height="39">                                            <a class="info" title="10% Descuento para suscriptores Condisline Prime" href="javascript:void(0);">                            <span class="info_text">10% Descuento para suscriptores Condisline Prime</span>                        </a>                                                        </div>        <img class="article_image" alt="CAYENA EN RAMA DANI BOLSA 40 G" data-original="//static.condisline.com/resize_190x200/images/catalog/large/124291.jpg" src="//static.condisline.com/resize_190x200/images/catalog/large/124291.jpg" width="190" height="200" style="display: block;">        <meta itemprop="image" content="//static.condisline.com/resize_190x200/images/catalog/large/124291.jpg">        <div class="article_price_container" itemprop="offers" itemscope="" itemtype="http://schema.org/Offer">            <!-- Price -->                                            <span class="article_price" itemprop="price"><span id="list_price_124291">1,83</span></span>                <span class="currency">€</span>                <script>                    formatNumber('1.83', 'list_price_124291');                </script>                        <meta itemprop="priceCurrency" content="EUR">            <div class="unit_container">                                    <a class="substract_button" title="Menos" href="javascript:void(0);">-</a>                                <label class="quantity_container">                                                                        <input class="input_quantity_product" id="item_quantity_124291" type="number" data-product="124291" value="" min="1" max="999" required="" autocomplete="off">                                                            </label>                                    <a class="add_button" title="Más" href="javascript:void(0);">+</a>                    <a class="added_tick" title="Cambiar unidades" href="javascript:void(0);"></a>                            </div>                                                <div class="article_pum">                        <span>     45,75€/Kilo</span>                    </div>                                                                            <a data-product-id="124291" class="orange_button btn_add2cart" title="Añadir al carrito" onclick="dataLayer.push({event: 'event_gtm',category:'acciones usuario', action:'a�adir producto desde listado'})" href="javascript:addToCartFromItemList('124291')">AÑADIR AL CARRITO &gt;</a>                                        <span class="added_button">En carrito</span>                                    <a class="white_button" title="Añadir a mi lista" href="javascript:addToListFromItemList('124291')" onclick="dataLayer.push({event: 'event_gtm',category:'acciones usuario', action:'a�adir producto a lista'});">Añadir a mi lista</a>                                </div>                    <a class="article_link" title="Ver ficha de CAYENA EN RAMA DANI BOLSA 40 G" href="/CAYENA-EN-RAMA-DANI-BOLSA-40-G_124291_prd_es_ES.jsp" onclick="javascript:callingTaggingEnpoints('')" itemprop="url"></a>                <div class="hover_container">            <div class="hover">                <div class="info_symbol"></div>            </div>        </div>                    </article>            </li>                    <li class="article" itemprop="itemListElement" itemscope="" itemtype="http://schema.org/Product">                    <article class="article_container" id="item_description_124186">            <a class="article_name" title="Ver ficha de FINAS HIERBAS CONDIS  18 G" href="/FINAS-HIERBAS-CONDIS-18-G_124186_prd_es_ES.jsp" itemprop="url"><span itemprop="name" id="description_text">FINAS HIERBAS CONDIS  18 G</span></a>            <!--informacion de gluten y calorias -->        <div class="info_container">                                                            <img class="info_icon" alt="10% Descuento para suscriptores Condisline Prime" src="//static.condisline.com/resize_39x39/images/product_icons/icon_subscription.png" width="39" height="39">                                            <a class="info" title="10% Descuento para suscriptores Condisline Prime" href="javascript:void(0);">                            <span class="info_text">10% Descuento para suscriptores Condisline Prime</span>                        </a>                                                        <img class="info_icon" alt="Producto sin gluten" src="//static.condisline.com/resize_39x39/images/product_icons/no_gluten.png" width="39" height="39">                                            <a class="info" title="Producto sin gluten" href="javascript:void(0);">                            <span class="info_text">Producto sin gluten</span>                        </a>                                                        <img class="info_icon" alt="Marca propia" src="//static.condisline.com/resize_39x39/images/product_icons/marca_propia.png" width="39" height="39">                                            <a class="info" title="Marca propia" href="javascript:void(0);">                            <span class="info_text">Marca propia</span>                        </a>                                                        </div>        <img class="article_image" alt="FINAS HIERBAS CONDIS  18 G" data-original="//static.condisline.com/resize_190x200/images/catalog/large/124186.jpg" src="//static.condisline.com/resize_190x200/images/catalog/large/124186.jpg" width="190" height="200" style="display: block;">        <meta itemprop="image" content="//static.condisline.com/resize_190x200/images/catalog/large/124186.jpg">        <div class="article_price_container" itemprop="offers" itemscope="" itemtype="http://schema.org/Offer">            <!-- Price -->                                            <span class="article_price" itemprop="price"><span id="list_price_124186">0,85</span></span>                <span class="currency">€</span>                <script>                    formatNumber('0.85', 'list_price_124186');                </script>                        <meta itemprop="priceCurrency" content="EUR">            <div class="unit_container">                                    <a class="substract_button" title="Menos" href="javascript:void(0);">-</a>                                <label class="quantity_container">                                                                        <input class="input_quantity_product" id="item_quantity_124186" type="number" data-product="124186" value="" min="1" max="999" required="" autocomplete="off">                                                            </label>                                    <a class="add_button" title="Más" href="javascript:void(0);">+</a>                    <a class="added_tick" title="Cambiar unidades" href="javascript:void(0);"></a>                            </div>                                                <div class="article_pum">                        <span>     47,22€/Kilo</span>                    </div>                                                                            <a data-product-id="124186" class="orange_button btn_add2cart" title="Añadir al carrito" onclick="dataLayer.push({event: 'event_gtm',category:'acciones usuario', action:'a�adir producto desde listado'})" href="javascript:addToCartFromItemList('124186')">AÑADIR AL CARRITO &gt;</a>                                        <span class="added_button">En carrito</span>                                    <a class="white_button" title="Añadir a mi lista" href="javascript:addToListFromItemList('124186')" onclick="dataLayer.push({event: 'event_gtm',category:'acciones usuario', action:'a�adir producto a lista'});">Añadir a mi lista</a>                                </div>                    <a class="article_link" title="Ver ficha de FINAS HIERBAS CONDIS  18 G" href="/FINAS-HIERBAS-CONDIS-18-G_124186_prd_es_ES.jsp" onclick="javascript:callingTaggingEnpoints('')" itemprop="url"></a>                <div class="hover_container">            <div class="hover">                <div class="info_symbol"></div>            </div>        </div>                    </article>            </li>                    <li class="article" itemprop="itemListElement" itemscope="" itemtype="http://schema.org/Product">                    <article class="article_container" id="item_description_112009">            <a class="article_name" title="Ver ficha de SAL FRUTAS COSTA  150 G" href="/SAL-FRUTAS-COSTA-150-G_112009_prd_es_ES.jsp" itemprop="url"><span itemprop="name" id="description_text">SAL FRUTAS COSTA  150 G</span></a>            <!--informacion de gluten y calorias -->        <div class="info_container">                                                            <img class="info_icon" alt="10% Descuento para suscriptores Condisline Prime" src="//static.condisline.com/resize_39x39/images/product_icons/icon_subscription.png" width="39" height="39">                                            <a class="info" title="10% Descuento para suscriptores Condisline Prime" href="javascript:void(0);">                            <span class="info_text">10% Descuento para suscriptores Condisline Prime</span>                        </a>                                                        </div>        <img class="article_image" alt="SAL FRUTAS COSTA  150 G" data-original="//static.condisline.com/resize_190x200/images/catalog/large/112009.jpg" src="//static.condisline.com/resize_190x200/images/catalog/large/112009.jpg" width="190" height="200" style="display: block;">        <meta itemprop="image" content="//static.condisline.com/resize_190x200/images/catalog/large/112009.jpg">        <div class="article_price_container" itemprop="offers" itemscope="" itemtype="http://schema.org/Offer">            <!-- Price -->                                            <span class="article_price" itemprop="price"><span id="list_price_112009">3,69</span></span>                <span class="currency">€</span>                <script>                    formatNumber('3.69', 'list_price_112009');                </script>                        <meta itemprop="priceCurrency" content="EUR">            <div class="unit_container">                                    <a class="substract_button" title="Menos" href="javascript:void(0);">-</a>                                <label class="quantity_container">                                                                        <input class="input_quantity_product" id="item_quantity_112009" type="number" data-product="112009" value="" min="1" max="999" required="" autocomplete="off">                                                            </label>                                    <a class="add_button" title="Más" href="javascript:void(0);">+</a>                    <a class="added_tick" title="Cambiar unidades" href="javascript:void(0);"></a>                            </div>                                                <div class="article_pum">                        <span>     24,60€/Kilo</span>                    </div>                                                                            <a data-product-id="112009" class="orange_button btn_add2cart" title="Añadir al carrito" onclick="dataLayer.push({event: 'event_gtm',category:'acciones usuario', action:'a�adir producto desde listado'})" href="javascript:addToCartFromItemList('112009')">AÑADIR AL CARRITO &gt;</a>                                        <span class="added_button">En carrito</span>                                    <a class="white_button" title="Añadir a mi lista" href="javascript:addToListFromItemList('112009')" onclick="dataLayer.push({event: 'event_gtm',category:'acciones usuario', action:'a�adir producto a lista'});">Añadir a mi lista</a>                                </div>                    <a class="article_link" title="Ver ficha de SAL FRUTAS COSTA  150 G" href="/SAL-FRUTAS-COSTA-150-G_112009_prd_es_ES.jsp" onclick="javascript:callingTaggingEnpoints('')" itemprop="url"></a>                <div class="hover_container">            <div class="hover">                <div class="info_symbol"></div>            </div>        </div>                    </article>            </li>                    <li class="article" itemprop="itemListElement" itemscope="" itemtype="http://schema.org/Product">                    <article class="article_container" id="item_description_110497">            <a class="article_name" title="Ver ficha de RAGU CUCINA ANT DI MANZO 190 G" href="/RAGU-CUCINA-ANT-DI-MANZO-190-G_110497_prd_es_ES.jsp" itemprop="url"><span itemprop="name" id="description_text">RAGU CUCINA ANT DI MANZO 190 G</span></a>            <!--informacion de gluten y calorias -->        <div class="info_container">                                                            <img class="info_icon" alt="10% Descuento para suscriptores Condisline Prime" src="//static.condisline.com/resize_39x39/images/product_icons/icon_subscription.png" width="39" height="39">                                            <a class="info" title="10% Descuento para suscriptores Condisline Prime" href="javascript:void(0);">                            <span class="info_text">10% Descuento para suscriptores Condisline Prime</span>                        </a>                                                        </div>        <img class="article_image" alt="RAGU CUCINA ANT DI MANZO 190 G" data-original="//static.condisline.com/resize_190x200/images/catalog/large/110497.jpg" src="//static.condisline.com/resize_190x200/images/catalog/large/110497.jpg" width="190" height="200" style="display: block;">        <meta itemprop="image" content="//static.condisline.com/resize_190x200/images/catalog/large/110497.jpg">        <div class="article_price_container" itemprop="offers" itemscope="" itemtype="http://schema.org/Offer">            <!-- Price -->                                            <span class="article_price" itemprop="price"><span id="list_price_110497">3,85</span></span>                <span class="currency">€</span>                <script>                    formatNumber('3.85', 'list_price_110497');                </script>                        <meta itemprop="priceCurrency" content="EUR">            <div class="unit_container">                                    <a class="substract_button" title="Menos" href="javascript:void(0);">-</a>                                <label class="quantity_container">                                                                        <input class="input_quantity_product" id="item_quantity_110497" type="number" data-product="110497" value="" min="1" max="999" required="" autocomplete="off">                                                            </label>                                    <a class="add_button" title="Más" href="javascript:void(0);">+</a>                    <a class="added_tick" title="Cambiar unidades" href="javascript:void(0);"></a>                            </div>                                                <div class="article_pum">                        <span>     20,26€/Kilo</span>                    </div>                                                                            <a data-product-id="110497" class="orange_button btn_add2cart" title="Añadir al carrito" onclick="dataLayer.push({event: 'event_gtm',category:'acciones usuario', action:'a�adir producto desde listado'})" href="javascript:addToCartFromItemList('110497')">AÑADIR AL CARRITO &gt;</a>                                        <span class="added_button">En carrito</span>                                    <a class="white_button" title="Añadir a mi lista" href="javascript:addToListFromItemList('110497')" onclick="dataLayer.push({event: 'event_gtm',category:'acciones usuario', action:'a�adir producto a lista'});">Añadir a mi lista</a>                                </div>                    <a class="article_link" title="Ver ficha de RAGU CUCINA ANT DI MANZO 190 G" href="/RAGU-CUCINA-ANT-DI-MANZO-190-G_110497_prd_es_ES.jsp" onclick="javascript:callingTaggingEnpoints('')" itemprop="url"></a>                <div class="hover_container">            <div class="hover">                <div class="info_symbol"></div>            </div>        </div>                    </article>            </li>                    <li class="article" itemprop="itemListElement" itemscope="" itemtype="http://schema.org/Product">                    <article class="article_container" id="item_description_110495">            <a class="article_name" title="Ver ficha de POMODORINA CUCINA ANT ACEITE OLIVA 230 G" href="/POMODORINA-CUCINA-ANT-ACEITE-OLIVA-230-G_110495_prd_es_ES.jsp" itemprop="url"><span itemprop="name" id="description_text">POMODORINA CUCINA ANT ACEITE OLIVA 230 G</span></a>            <!--informacion de gluten y calorias -->        <div class="info_container">                                                            <img class="info_icon" alt="10% Descuento para suscriptores Condisline Prime" src="//static.condisline.com/resize_39x39/images/product_icons/icon_subscription.png" width="39" height="39">                                            <a class="info" title="10% Descuento para suscriptores Condisline Prime" href="javascript:void(0);">                            <span class="info_text">10% Descuento para suscriptores Condisline Prime</span>                        </a>                                                        </div>        <img class="article_image" alt="POMODORINA CUCINA ANT ACEITE OLIVA 230 G" data-original="//static.condisline.com/resize_190x200/images/catalog/large/110495.jpg" src="//static.condisline.com/resize_190x200/images/catalog/large/110495.jpg" width="190" height="200" style="display: block;">        <meta itemprop="image" content="//static.condisline.com/resize_190x200/images/catalog/large/110495.jpg">        <div class="article_price_container" itemprop="offers" itemscope="" itemtype="http://schema.org/Offer">            <!-- Price -->                                            <span class="article_price" itemprop="price"><span id="list_price_110495">2,85</span></span>                <span class="currency">€</span>                <script>                    formatNumber('2.85', 'list_price_110495');                </script>                        <meta itemprop="priceCurrency" content="EUR">            <div class="unit_container">                                    <a class="substract_button" title="Menos" href="javascript:void(0);">-</a>                                <label class="quantity_container">                                                                        <input class="input_quantity_product" id="item_quantity_110495" type="number" data-product="110495" value="" min="1" max="999" required="" autocomplete="off">                                                            </label>                                    <a class="add_button" title="Más" href="javascript:void(0);">+</a>                    <a class="added_tick" title="Cambiar unidades" href="javascript:void(0);"></a>                            </div>                                                <div class="article_pum">                        <span>     12,39€/Kilo</span>                    </div>                                                                            <a data-product-id="110495" class="orange_button btn_add2cart" title="Añadir al carrito" onclick="dataLayer.push({event: 'event_gtm',category:'acciones usuario', action:'a�adir producto desde listado'})" href="javascript:addToCartFromItemList('110495')">AÑADIR AL CARRITO &gt;</a>                                        <span class="added_button">En carrito</span>                                    <a class="white_button" title="Añadir a mi lista" href="javascript:addToListFromItemList('110495')" onclick="dataLayer.push({event: 'event_gtm',category:'acciones usuario', action:'a�adir producto a lista'});">Añadir a mi lista</a>                                </div>                    <a class="article_link" title="Ver ficha de POMODORINA CUCINA ANT ACEITE OLIVA 230 G" href="/POMODORINA-CUCINA-ANT-ACEITE-OLIVA-230-G_110495_prd_es_ES.jsp" onclick="javascript:callingTaggingEnpoints('')" itemprop="url"></a>                <div class="hover_container">            <div class="hover">                <div class="info_symbol"></div>            </div>        </div>                    </article>            </li>                    <li class="article" itemprop="itemListElement" itemscope="" itemtype="http://schema.org/Product">                    <article class="article_container" id="item_description_110475">            <a class="article_name" title="Ver ficha de SALSA LEA PERRIN ORIGINAL 150 ML" href="/SALSA-LEA-PERRIN-ORIGINAL-150-ML_110475_prd_es_ES.jsp" itemprop="url"><span itemprop="name" id="description_text">SALSA LEA PERRIN ORIGINAL 150 ML</span></a>            <!--informacion de gluten y calorias -->        <div class="info_container">                            <span class="calories">96 <span>kcal</span></span>                <a class="info" title="Producto con 96 kilocalorías" href="javascript:void(0);">                    <span class="info_text">Producto con 96 kilocalorías.</span>                </a>                                                            <img class="info_icon" alt="10% Descuento para suscriptores Condisline Prime" src="//static.condisline.com/resize_39x39/images/product_icons/icon_subscription.png" width="39" height="39">                                            <a class="info" title="10% Descuento para suscriptores Condisline Prime" href="javascript:void(0);">                            <span class="info_text">10% Descuento para suscriptores Condisline Prime</span>                        </a>                                                        </div>        <img class="article_image" alt="SALSA LEA PERRIN ORIGINAL 150 ML" data-original="//static.condisline.com/resize_190x200/images/catalog/large/110475.jpg" src="//static.condisline.com/resize_190x200/images/catalog/large/110475.jpg" width="190" height="200" style="display: block;">        <meta itemprop="image" content="//static.condisline.com/resize_190x200/images/catalog/large/110475.jpg">        <div class="article_price_container" itemprop="offers" itemscope="" itemtype="http://schema.org/Offer">            <!-- Price -->                                            <span class="article_price" itemprop="price"><span id="list_price_110475">3,25</span></span>                <span class="currency">€</span>                <script>                    formatNumber('3.25', 'list_price_110475');                </script>                        <meta itemprop="priceCurrency" content="EUR">            <div class="unit_container">                                    <a class="substract_button" title="Menos" href="javascript:void(0);">-</a>                                <label class="quantity_container">                                                                        <input class="input_quantity_product" id="item_quantity_110475" type="number" data-product="110475" value="" min="1" max="999" required="" autocomplete="off">                                                            </label>                                    <a class="add_button" title="Más" href="javascript:void(0);">+</a>                    <a class="added_tick" title="Cambiar unidades" href="javascript:void(0);"></a>                            </div>                                                <div class="article_pum">                        <span>     21,67€/Kilo</span>                    </div>                                                                            <a data-product-id="110475" class="orange_button btn_add2cart" title="Añadir al carrito" onclick="dataLayer.push({event: 'event_gtm',category:'acciones usuario', action:'a�adir producto desde listado'})" href="javascript:addToCartFromItemList('110475')">AÑADIR AL CARRITO &gt;</a>                                        <span class="added_button">En carrito</span>                                    <a class="white_button" title="Añadir a mi lista" href="javascript:addToListFromItemList('110475')" onclick="dataLayer.push({event: 'event_gtm',category:'acciones usuario', action:'a�adir producto a lista'});">Añadir a mi lista</a>                                </div>                    <a class="article_link" title="Ver ficha de SALSA LEA PERRIN ORIGINAL 150 ML" href="/SALSA-LEA-PERRIN-ORIGINAL-150-ML_110475_prd_es_ES.jsp" onclick="javascript:callingTaggingEnpoints('')" itemprop="url"></a>                <div class="hover_container">            <div class="hover">                <div class="info_symbol"></div>            </div>        </div>                    </article>            </li>                    <li class="article" itemprop="itemListElement" itemscope="" itemtype="http://schema.org/Product">                    <article class="article_container" id="item_description_110338">            <a class="article_name" title="Ver ficha de MAYONESA HEINZ CEBOLLA CARAMELIZADA Y AJO 395 G" href="/MAYONESA-HEINZ-CEBOLLA-CARAMELIZADA-Y-AJO-395-G_110338_prd_es_ES.jsp" itemprop="url"><span itemprop="name" id="description_text">MAYONESA HEINZ CEBOLLA CARAMELIZADA Y AJO 395 G</span></a>            <!--informacion de gluten y calorias -->        <div class="info_container">                            <span class="calories">551 <span>kcal</span></span>                <a class="info" title="Producto con 551 kilocalorías" href="javascript:void(0);">                    <span class="info_text">Producto con 551 kilocalorías.</span>                </a>                                                            <img class="info_icon" alt="10% Descuento para suscriptores Condisline Prime" src="//static.condisline.com/resize_39x39/images/product_icons/icon_subscription.png" width="39" height="39">                                            <a class="info" title="10% Descuento para suscriptores Condisline Prime" href="javascript:void(0);">                            <span class="info_text">10% Descuento para suscriptores Condisline Prime</span>                        </a>                                                        </div>        <img class="article_image" alt="MAYONESA HEINZ CEBOLLA CARAMELIZADA Y AJO 395 G" data-original="//static.condisline.com/resize_190x200/images/catalog/large/110338.jpg" src="//static.condisline.com/resize_190x200/images/catalog/large/110338.jpg" width="190" height="200" style="display: block;">        <meta itemprop="image" content="//static.condisline.com/resize_190x200/images/catalog/large/110338.jpg">        <div class="article_price_container" itemprop="offers" itemscope="" itemtype="http://schema.org/Offer">            <!-- Price -->                                            <span class="article_price" itemprop="price"><span id="list_price_110338">3,35</span></span>                <span class="currency">€</span>                <script>                    formatNumber('3.35', 'list_price_110338');                </script>                        <meta itemprop="priceCurrency" content="EUR">            <div class="unit_container">                                    <a class="substract_button" title="Menos" href="javascript:void(0);">-</a>                                <label class="quantity_container">                                                                        <input class="input_quantity_product" id="item_quantity_110338" type="number" data-product="110338" value="" min="1" max="999" required="" autocomplete="off">                                                            </label>                                    <a class="add_button" title="Más" href="javascript:void(0);">+</a>                    <a class="added_tick" title="Cambiar unidades" href="javascript:void(0);"></a>                            </div>                                                <div class="article_pum">                        <span>      8,48€/Kilo</span>                    </div>                                                                            <a data-product-id="110338" class="orange_button btn_add2cart" title="Añadir al carrito" onclick="dataLayer.push({event: 'event_gtm',category:'acciones usuario', action:'a�adir producto desde listado'})" href="javascript:addToCartFromItemList('110338')">AÑADIR AL CARRITO &gt;</a>                                        <span class="added_button">En carrito</span>                                    <a class="white_button" title="Añadir a mi lista" href="javascript:addToListFromItemList('110338')" onclick="dataLayer.push({event: 'event_gtm',category:'acciones usuario', action:'a�adir producto a lista'});">Añadir a mi lista</a>                                </div>                    <a class="article_link" title="Ver ficha de MAYONESA HEINZ CEBOLLA CARAMELIZADA Y AJO 395 G" href="/MAYONESA-HEINZ-CEBOLLA-CARAMELIZADA-Y-AJO-395-G_110338_prd_es_ES.jsp" onclick="javascript:callingTaggingEnpoints('')" itemprop="url"></a>                <div class="hover_container">            <div class="hover">                <div class="info_symbol"></div>            </div>        </div>                    </article>            </li>                    <li class="article" itemprop="itemListElement" itemscope="" itemtype="http://schema.org/Product">                    <article class="article_container" id="item_description_124293">            <a class="article_name" title="Ver ficha de SENDERUELA DANI MOIXERONS BOLSA 20 G" href="/SENDERUELA-DANI-MOIXERONS-BOLSA-20-G_124293_prd_es_ES.jsp" itemprop="url"><span itemprop="name" id="description_text">SENDERUELA DANI MOIXERONS BOLSA 20 G</span></a>            <!--informacion de gluten y calorias -->        <div class="info_container">                                                            <img class="info_icon" alt="10% Descuento para suscriptores Condisline Prime" src="//static.condisline.com/resize_39x39/images/product_icons/icon_subscription.png" width="39" height="39">                                            <a class="info" title="10% Descuento para suscriptores Condisline Prime" href="javascript:void(0);">                            <span class="info_text">10% Descuento para suscriptores Condisline Prime</span>                        </a>                                                        </div>        <img class="article_image" alt="SENDERUELA DANI MOIXERONS BOLSA 20 G" data-original="//static.condisline.com/resize_190x200/images/catalog/large/124293.jpg" src="//static.condisline.com/resize_190x200/images/catalog/large/124293.jpg" width="190" height="200" style="display: block;">        <meta itemprop="image" content="//static.condisline.com/resize_190x200/images/catalog/large/124293.jpg">        <div class="article_price_container" itemprop="offers" itemscope="" itemtype="http://schema.org/Offer">            <!-- Price -->                                            <span class="article_price" itemprop="price"><span id="list_price_124293">4,85</span></span>                <span class="currency">€</span>                <script>                    formatNumber('4.85', 'list_price_124293');                </script>                        <meta itemprop="priceCurrency" content="EUR">            <div class="unit_container">                                    <a class="substract_button" title="Menos" href="javascript:void(0);">-</a>                                <label class="quantity_container">                                                                        <input class="input_quantity_product" id="item_quantity_124293" type="number" data-product="124293" value="" min="1" max="999" required="" autocomplete="off">                                                            </label>                                    <a class="add_button" title="Más" href="javascript:void(0);">+</a>                    <a class="added_tick" title="Cambiar unidades" href="javascript:void(0);"></a>                            </div>                                                <div class="article_pum">                        <span>    242,50€/Kilo</span>                    </div>                                                                            <a data-product-id="124293" class="orange_button btn_add2cart" title="Añadir al carrito" onclick="dataLayer.push({event: 'event_gtm',category:'acciones usuario', action:'a�adir producto desde listado'})" href="javascript:addToCartFromItemList('124293')">AÑADIR AL CARRITO &gt;</a>                                        <span class="added_button">En carrito</span>                                    <a class="white_button" title="Añadir a mi lista" href="javascript:addToListFromItemList('124293')" onclick="dataLayer.push({event: 'event_gtm',category:'acciones usuario', action:'a�adir producto a lista'});">Añadir a mi lista</a>                                </div>                    <a class="article_link" title="Ver ficha de SENDERUELA DANI MOIXERONS BOLSA 20 G" href="/SENDERUELA-DANI-MOIXERONS-BOLSA-20-G_124293_prd_es_ES.jsp" onclick="javascript:callingTaggingEnpoints('')" itemprop="url"></a>                <div class="hover_container">            <div class="hover">                <div class="info_symbol"></div>            </div>        </div>                    </article>            </li>                    <li class="article" itemprop="itemListElement" itemscope="" itemtype="http://schema.org/Product">                    <article class="article_container" id="item_description_124192">            <a class="article_name" title="Ver ficha de ENELDO EN HOJA DANI 17 G" href="/ENELDO-EN-HOJA-DANI-17-G_124192_prd_es_ES.jsp" itemprop="url"><span itemprop="name" id="description_text">ENELDO EN HOJA DANI 17 G</span></a>            <!--informacion de gluten y calorias -->        <div class="info_container">                                                            <img class="info_icon" alt="10% Descuento para suscriptores Condisline Prime" src="//static.condisline.com/resize_39x39/images/product_icons/icon_subscription.png" width="39" height="39">                                            <a class="info" title="10% Descuento para suscriptores Condisline Prime" href="javascript:void(0);">                            <span class="info_text">10% Descuento para suscriptores Condisline Prime</span>                        </a>                                                        </div>        <img class="article_image" alt="ENELDO EN HOJA DANI 17 G" data-original="//static.condisline.com/resize_190x200/images/catalog/large/124192.jpg" src="//static.condisline.com/resize_190x200/images/catalog/large/124192.jpg" width="190" height="200" style="display: block;">        <meta itemprop="image" content="//static.condisline.com/resize_190x200/images/catalog/large/124192.jpg">        <div class="article_price_container" itemprop="offers" itemscope="" itemtype="http://schema.org/Offer">            <!-- Price -->                                            <span class="article_price" itemprop="price"><span id="list_price_124192">1,29</span></span>                <span class="currency">€</span>                <script>                    formatNumber('1.29', 'list_price_124192');                </script>                        <meta itemprop="priceCurrency" content="EUR">            <div class="unit_container">                                    <a class="substract_button" title="Menos" href="javascript:void(0);">-</a>                                <label class="quantity_container">                                                                        <input class="input_quantity_product" id="item_quantity_124192" type="number" data-product="124192" value="" min="1" max="999" required="" autocomplete="off">                                                            </label>                                    <a class="add_button" title="Más" href="javascript:void(0);">+</a>                    <a class="added_tick" title="Cambiar unidades" href="javascript:void(0);"></a>                            </div>                                                <div class="article_pum">                        <span>     75,88€/Kilo</span>                    </div>                                                                            <a data-product-id="124192" class="orange_button btn_add2cart" title="Añadir al carrito" onclick="dataLayer.push({event: 'event_gtm',category:'acciones usuario', action:'a�adir producto desde listado'})" href="javascript:addToCartFromItemList('124192')">AÑADIR AL CARRITO &gt;</a>                                        <span class="added_button">En carrito</span>                                    <a class="white_button" title="Añadir a mi lista" href="javascript:addToListFromItemList('124192')" onclick="dataLayer.push({event: 'event_gtm',category:'acciones usuario', action:'a�adir producto a lista'});">Añadir a mi lista</a>                                </div>                    <a class="article_link" title="Ver ficha de ENELDO EN HOJA DANI 17 G" href="/ENELDO-EN-HOJA-DANI-17-G_124192_prd_es_ES.jsp" onclick="javascript:callingTaggingEnpoints('')" itemprop="url"></a>                <div class="hover_container">            <div class="hover">                <div class="info_symbol"></div>            </div>        </div>                    </article>            </li>                    <li class="article" itemprop="itemListElement" itemscope="" itemtype="http://schema.org/Product">                    <article class="article_container" id="item_description_124184">            <a class="article_name" title="Ver ficha de OREGANO CONDIS MOLIDO 30 G" href="/OREGANO-CONDIS-MOLIDO-30-G_124184_prd_es_ES.jsp" itemprop="url"><span itemprop="name" id="description_text">OREGANO CONDIS MOLIDO 30 G</span></a>            <!--informacion de gluten y calorias -->        <div class="info_container">                                                            <img class="info_icon" alt="10% Descuento para suscriptores Condisline Prime" src="//static.condisline.com/resize_39x39/images/product_icons/icon_subscription.png" width="39" height="39">                                            <a class="info" title="10% Descuento para suscriptores Condisline Prime" href="javascript:void(0);">                            <span class="info_text">10% Descuento para suscriptores Condisline Prime</span>                        </a>                                                        <img class="info_icon" alt="Producto sin gluten" src="//static.condisline.com/resize_39x39/images/product_icons/no_gluten.png" width="39" height="39">                                            <a class="info" title="Producto sin gluten" href="javascript:void(0);">                            <span class="info_text">Producto sin gluten</span>                        </a>                                                        <img class="info_icon" alt="Marca propia" src="//static.condisline.com/resize_39x39/images/product_icons/marca_propia.png" width="39" height="39">                                            <a class="info" title="Marca propia" href="javascript:void(0);">                            <span class="info_text">Marca propia</span>                        </a>                                                        </div>        <img class="article_image" alt="OREGANO CONDIS MOLIDO 30 G" data-original="//static.condisline.com/resize_190x200/images/catalog/large/124184.jpg" src="//static.condisline.com/resize_190x200/images/catalog/large/124184.jpg" width="190" height="200" style="display: block;">        <meta itemprop="image" content="//static.condisline.com/resize_190x200/images/catalog/large/124184.jpg">        <div class="article_price_container" itemprop="offers" itemscope="" itemtype="http://schema.org/Offer">            <!-- Price -->                                            <span class="article_price" itemprop="price"><span id="list_price_124184">0,85</span></span>                <span class="currency">€</span>                <script>                    formatNumber('0.85', 'list_price_124184');                </script>                        <meta itemprop="priceCurrency" content="EUR">            <div class="unit_container">                                    <a class="substract_button" title="Menos" href="javascript:void(0);">-</a>                                <label class="quantity_container">                                                                        <input class="input_quantity_product" id="item_quantity_124184" type="number" data-product="124184" value="" min="1" max="999" required="" autocomplete="off">                                                            </label>                                    <a class="add_button" title="Más" href="javascript:void(0);">+</a>                    <a class="added_tick" title="Cambiar unidades" href="javascript:void(0);"></a>                            </div>                                                <div class="article_pum">                        <span>     28,33€/Kilo</span>                    </div>                                                                            <a data-product-id="124184" class="orange_button btn_add2cart" title="Añadir al carrito" onclick="dataLayer.push({event: 'event_gtm',category:'acciones usuario', action:'a�adir producto desde listado'})" href="javascript:addToCartFromItemList('124184')">AÑADIR AL CARRITO &gt;</a>                                        <span class="added_button">En carrito</span>                                    <a class="white_button" title="Añadir a mi lista" href="javascript:addToListFromItemList('124184')" onclick="dataLayer.push({event: 'event_gtm',category:'acciones usuario', action:'a�adir producto a lista'});">Añadir a mi lista</a>                                </div>                    <a class="article_link" title="Ver ficha de OREGANO CONDIS MOLIDO 30 G" href="/OREGANO-CONDIS-MOLIDO-30-G_124184_prd_es_ES.jsp" onclick="javascript:callingTaggingEnpoints('')" itemprop="url"></a>                <div class="hover_container">            <div class="hover">                <div class="info_symbol"></div>            </div>        </div>                    </article>            </li>                    <li class="article" itemprop="itemListElement" itemscope="" itemtype="http://schema.org/Product">                    <article class="article_container" id="item_description_124161">            <a class="article_name" title="Ver ficha de PIMIENTA CONDIS BLANCA MOLIDA 45 G" href="/PIMIENTA-CONDIS-BLANCA-MOLIDA-45-G_124161_prd_es_ES.jsp" itemprop="url"><span itemprop="name" id="description_text">PIMIENTA CONDIS BLANCA MOLIDA 45 G</span></a>            <!--informacion de gluten y calorias -->        <div class="info_container">                                                            <img class="info_icon" alt="10% Descuento para suscriptores Condisline Prime" src="//static.condisline.com/resize_39x39/images/product_icons/icon_subscription.png" width="39" height="39">                                            <a class="info" title="10% Descuento para suscriptores Condisline Prime" href="javascript:void(0);">                            <span class="info_text">10% Descuento para suscriptores Condisline Prime</span>                        </a>                                                        <img class="info_icon" alt="Producto sin gluten" src="//static.condisline.com/resize_39x39/images/product_icons/no_gluten.png" width="39" height="39">                                            <a class="info" title="Producto sin gluten" href="javascript:void(0);">                            <span class="info_text">Producto sin gluten</span>                        </a>                                                        <img class="info_icon" alt="Marca propia" src="//static.condisline.com/resize_39x39/images/product_icons/marca_propia.png" width="39" height="39">                                            <a class="info" title="Marca propia" href="javascript:void(0);">                            <span class="info_text">Marca propia</span>                        </a>                                                        </div>        <img class="article_image" alt="PIMIENTA CONDIS BLANCA MOLIDA 45 G" data-original="//static.condisline.com/resize_190x200/images/catalog/large/124161.jpg" src="//static.condisline.com/resize_190x200/images/catalog/large/124161.jpg" width="190" height="200" style="display: block;">        <meta itemprop="image" content="//static.condisline.com/resize_190x200/images/catalog/large/124161.jpg">        <div class="article_price_container" itemprop="offers" itemscope="" itemtype="http://schema.org/Offer">            <!-- Price -->                                            <span class="article_price" itemprop="price"><span id="list_price_124161">1,19</span></span>                <span class="currency">€</span>                <script>                    formatNumber('1.19', 'list_price_124161');                </script>                        <meta itemprop="priceCurrency" content="EUR">            <div class="unit_container">                                    <a class="substract_button" title="Menos" href="javascript:void(0);">-</a>                                <label class="quantity_container">                                                                        <input class="input_quantity_product" id="item_quantity_124161" type="number" data-product="124161" value="" min="1" max="999" required="" autocomplete="off">                                                            </label>                                    <a class="add_button" title="Más" href="javascript:void(0);">+</a>                    <a class="added_tick" title="Cambiar unidades" href="javascript:void(0);"></a>                            </div>                                                <div class="article_pum">                        <span>     26,44€/Kilo</span>                    </div>                                                                            <a data-product-id="124161" class="orange_button btn_add2cart" title="Añadir al carrito" onclick="dataLayer.push({event: 'event_gtm',category:'acciones usuario', action:'a�adir producto desde listado'})" href="javascript:addToCartFromItemList('124161')">AÑADIR AL CARRITO &gt;</a>                                        <span class="added_button">En carrito</span>                                    <a class="white_button" title="Añadir a mi lista" href="javascript:addToListFromItemList('124161')" onclick="dataLayer.push({event: 'event_gtm',category:'acciones usuario', action:'a�adir producto a lista'});">Añadir a mi lista</a>                                </div>                    <a class="article_link" title="Ver ficha de PIMIENTA CONDIS BLANCA MOLIDA 45 G" href="/PIMIENTA-CONDIS-BLANCA-MOLIDA-45-G_124161_prd_es_ES.jsp" onclick="javascript:callingTaggingEnpoints('')" itemprop="url"></a>                <div class="hover_container">            <div class="hover">                <div class="info_symbol"></div>            </div>        </div>                    </article>            </li>                    <li class="article" itemprop="itemListElement" itemscope="" itemtype="http://schema.org/Product">                    <article class="article_container" id="item_description_124158">            <a class="article_name" title="Ver ficha de SAZONADOR PAELLA CON AZAFRÁN DANI 9 G" href="/SAZONADOR-PAELLA-CON-AZAFRAN-DANI-9-G_124158_prd_es_ES.jsp" itemprop="url"><span itemprop="name" id="description_text">SAZONADOR PAELLA CON AZAFRÁN DANI 9 G</span></a>            <!--informacion de gluten y calorias -->        <div class="info_container">                                                            <img class="info_icon" alt="10% Descuento para suscriptores Condisline Prime" src="//static.condisline.com/resize_39x39/images/product_icons/icon_subscription.png" width="39" height="39">                                            <a class="info" title="10% Descuento para suscriptores Condisline Prime" href="javascript:void(0);">                            <span class="info_text">10% Descuento para suscriptores Condisline Prime</span>                        </a>                                                        </div>        <img class="article_image" alt="SAZONADOR PAELLA CON AZAFRÁN DANI 9 G" data-original="//static.condisline.com/resize_190x200/images/catalog/large/124158.jpg" src="//static.condisline.com/resize_190x200/images/catalog/large/124158.jpg" width="190" height="200" style="display: block;">        <meta itemprop="image" content="//static.condisline.com/resize_190x200/images/catalog/large/124158.jpg">        <div class="article_price_container" itemprop="offers" itemscope="" itemtype="http://schema.org/Offer">            <!-- Price -->                                            <span class="article_price" itemprop="price"><span id="list_price_124158">1,85</span></span>                <span class="currency">€</span>                <script>                    formatNumber('1.85', 'list_price_124158');                </script>                        <meta itemprop="priceCurrency" content="EUR">            <div class="unit_container">                                    <a class="substract_button" title="Menos" href="javascript:void(0);">-</a>                                <label class="quantity_container">                                                                        <input class="input_quantity_product" id="item_quantity_124158" type="number" data-product="124158" value="" min="1" max="999" required="" autocomplete="off">                                                            </label>                                    <a class="add_button" title="Más" href="javascript:void(0);">+</a>                    <a class="added_tick" title="Cambiar unidades" href="javascript:void(0);"></a>                            </div>                                                <div class="article_pum">                        <span>&nbsp;</span>                    </div>                                                                            <a data-product-id="124158" class="orange_button btn_add2cart" title="Añadir al carrito" onclick="dataLayer.push({event: 'event_gtm',category:'acciones usuario', action:'a�adir producto desde listado'})" href="javascript:addToCartFromItemList('124158')">AÑADIR AL CARRITO &gt;</a>                                        <span class="added_button">En carrito</span>                                    <a class="white_button" title="Añadir a mi lista" href="javascript:addToListFromItemList('124158')" onclick="dataLayer.push({event: 'event_gtm',category:'acciones usuario', action:'a�adir producto a lista'});">Añadir a mi lista</a>                                </div>                    <a class="article_link" title="Ver ficha de SAZONADOR PAELLA CON AZAFRÁN DANI 9 G" href="/SAZONADOR-PAELLA-CON-AZAFRAN-DANI-9-G_124158_prd_es_ES.jsp" onclick="javascript:callingTaggingEnpoints('')" itemprop="url"></a>                <div class="hover_container">            <div class="hover">                <div class="info_symbol"></div>            </div>        </div>                    </article>            </li>                    <li class="article" itemprop="itemListElement" itemscope="" itemtype="http://schema.org/Product">                    <article class="article_container" id="item_description_519100">            <a class="article_name" title="Ver ficha de SALSA FERRER CALÇOTS PREMIUM 385 G" href="/SALSA-FERRER-CALCOTS-PREMIUM-385-G_519100_prd_es_ES.jsp" itemprop="url"><span itemprop="name" id="description_text">SALSA FERRER CALÇOTS PREMIUM 385 G</span></a>            <!--informacion de gluten y calorias -->        <div class="info_container">                            <span class="calories">335 <span>kcal</span></span>                <a class="info" title="Producto con 335 kilocalorías" href="javascript:void(0);">                    <span class="info_text">Producto con 335 kilocalorías.</span>                </a>                                                            <img class="info_icon" alt="10% Descuento para suscriptores Condisline Prime" src="//static.condisline.com/resize_39x39/images/product_icons/icon_subscription.png" width="39" height="39">                                            <a class="info" title="10% Descuento para suscriptores Condisline Prime" href="javascript:void(0);">                            <span class="info_text">10% Descuento para suscriptores Condisline Prime</span>                        </a>                                                        <img class="info_icon" alt="Producto sin gluten" src="//static.condisline.com/resize_39x39/images/product_icons/no_gluten.png" width="39" height="39">                                            <a class="info" title="Producto sin gluten" href="javascript:void(0);">                            <span class="info_text">Producto sin gluten</span>                        </a>                                                        <img class="info_icon" alt="Producto sin lactosa" src="//static.condisline.com/resize_39x39/images/product_icons/no_lactosa.png" width="39" height="39">                                            <a class="info" title="Producto sin lactosa" href="javascript:void(0);">                            <span class="info_text">Producto sin lactosa</span>                        </a>                                                        </div>        <img class="article_image" alt="SALSA FERRER CALÇOTS PREMIUM 385 G" data-original="//static.condisline.com/resize_190x200/images/catalog/large/519100.jpg" src="//static.condisline.com/resize_190x200/images/catalog/large/519100.jpg" width="190" height="200" style="display: block;">        <meta itemprop="image" content="//static.condisline.com/resize_190x200/images/catalog/large/519100.jpg">        <div class="article_price_container" itemprop="offers" itemscope="" itemtype="http://schema.org/Offer">            <!-- Price -->                                            <span class="article_price" itemprop="price"><span id="list_price_519100">5,49</span></span>                <span class="currency">€</span>                <script>                    formatNumber('5.49', 'list_price_519100');                </script>                        <meta itemprop="priceCurrency" content="EUR">            <div class="unit_container">                                    <a class="substract_button" title="Menos" href="javascript:void(0);">-</a>                                <label class="quantity_container">                                                                        <input class="input_quantity_product" id="item_quantity_519100" type="number" data-product="519100" value="" min="1" max="999" required="" autocomplete="off">                                                            </label>                                    <a class="add_button" title="Más" href="javascript:void(0);">+</a>                    <a class="added_tick" title="Cambiar unidades" href="javascript:void(0);"></a>                            </div>                                                <div class="article_pum">                        <span>     14,26€/Kilo</span>                    </div>                                                                            <a data-product-id="519100" class="orange_button btn_add2cart" title="Añadir al carrito" onclick="dataLayer.push({event: 'event_gtm',category:'acciones usuario', action:'a�adir producto desde listado'})" href="javascript:addToCartFromItemList('519100')">AÑADIR AL CARRITO &gt;</a>                                        <span class="added_button">En carrito</span>                                    <a class="white_button" title="Añadir a mi lista" href="javascript:addToListFromItemList('519100')" onclick="dataLayer.push({event: 'event_gtm',category:'acciones usuario', action:'a�adir producto a lista'});">Añadir a mi lista</a>                                </div>                    <a class="article_link" title="Ver ficha de SALSA FERRER CALÇOTS PREMIUM 385 G" href="/SALSA-FERRER-CALCOTS-PREMIUM-385-G_519100_prd_es_ES.jsp" onclick="javascript:callingTaggingEnpoints('')" itemprop="url"></a>                <div class="hover_container">            <div class="hover">                <div class="info_symbol"></div>            </div>        </div>                    </article>            </li>                    <li class="article" itemprop="itemListElement" itemscope="" itemtype="http://schema.org/Product">                    <article class="article_container" id="item_description_124326">            <a class="article_name" title="Ver ficha de SAZONADOR SABOR MÉXICO DANI 40 G" href="/SAZONADOR-SABOR-MEXICO-DANI-40-G_124326_prd_es_ES.jsp" itemprop="url"><span itemprop="name" id="description_text">SAZONADOR SABOR MÉXICO DANI 40 G</span></a>            <!--informacion de gluten y calorias -->        <div class="info_container">                                                            <img class="info_icon" alt="10% Descuento para suscriptores Condisline Prime" src="//static.condisline.com/resize_39x39/images/product_icons/icon_subscription.png" width="39" height="39">                                            <a class="info" title="10% Descuento para suscriptores Condisline Prime" href="javascript:void(0);">                            <span class="info_text">10% Descuento para suscriptores Condisline Prime</span>                        </a>                                                        </div>        <img class="article_image" alt="SAZONADOR SABOR MÉXICO DANI 40 G" data-original="//static.condisline.com/resize_190x200/images/catalog/large/124326.jpg" src="//static.condisline.com/resize_190x200/images/catalog/large/124326.jpg" width="190" height="200" style="display: block;">        <meta itemprop="image" content="//static.condisline.com/resize_190x200/images/catalog/large/124326.jpg">        <div class="article_price_container" itemprop="offers" itemscope="" itemtype="http://schema.org/Offer">            <!-- Price -->                                            <span class="article_price" itemprop="price"><span id="list_price_124326">1,75</span></span>                <span class="currency">€</span>                <script>                    formatNumber('1.75', 'list_price_124326');                </script>                        <meta itemprop="priceCurrency" content="EUR">            <div class="unit_container">                                    <a class="substract_button" title="Menos" href="javascript:void(0);">-</a>                                <label class="quantity_container">                                                                        <input class="input_quantity_product" id="item_quantity_124326" type="number" data-product="124326" value="" min="1" max="999" required="" autocomplete="off">                                                            </label>                                    <a class="add_button" title="Más" href="javascript:void(0);">+</a>                    <a class="added_tick" title="Cambiar unidades" href="javascript:void(0);"></a>                            </div>                                                <div class="article_pum">                        <span>     43,75€/Kilo</span>                    </div>                                                                            <a data-product-id="124326" class="orange_button btn_add2cart" title="Añadir al carrito" onclick="dataLayer.push({event: 'event_gtm',category:'acciones usuario', action:'a�adir producto desde listado'})" href="javascript:addToCartFromItemList('124326')">AÑADIR AL CARRITO &gt;</a>                                        <span class="added_button">En carrito</span>                                    <a class="white_button" title="Añadir a mi lista" href="javascript:addToListFromItemList('124326')" onclick="dataLayer.push({event: 'event_gtm',category:'acciones usuario', action:'a�adir producto a lista'});">Añadir a mi lista</a>                                </div>                    <a class="article_link" title="Ver ficha de SAZONADOR SABOR MÉXICO DANI 40 G" href="/SAZONADOR-SABOR-MEXICO-DANI-40-G_124326_prd_es_ES.jsp" onclick="javascript:callingTaggingEnpoints('')" itemprop="url"></a>                <div class="hover_container">            <div class="hover">                <div class="info_symbol"></div>            </div>        </div>                    </article>            </li>                    <li class="article" itemprop="itemListElement" itemscope="" itemtype="http://schema.org/Product">                    <article class="article_container" id="item_description_124324">            <a class="article_name" title="Ver ficha de PIMIENTA DE CAYENA DANI 45 G" href="/PIMIENTA-DE-CAYENA-DANI-45-G_124324_prd_es_ES.jsp" itemprop="url"><span itemprop="name" id="description_text">PIMIENTA DE CAYENA DANI 45 G</span></a>            <!--informacion de gluten y calorias -->        <div class="info_container">                                                            <img class="info_icon" alt="10% Descuento para suscriptores Condisline Prime" src="//static.condisline.com/resize_39x39/images/product_icons/icon_subscription.png" width="39" height="39">                                            <a class="info" title="10% Descuento para suscriptores Condisline Prime" href="javascript:void(0);">                            <span class="info_text">10% Descuento para suscriptores Condisline Prime</span>                        </a>                                                        </div>        <img class="article_image" alt="PIMIENTA DE CAYENA DANI 45 G" data-original="//static.condisline.com/resize_190x200/images/catalog/large/124324.jpg" src="//static.condisline.com/resize_190x200/images/catalog/large/124324.jpg" width="190" height="200" style="display: block;">        <meta itemprop="image" content="//static.condisline.com/resize_190x200/images/catalog/large/124324.jpg">        <div class="article_price_container" itemprop="offers" itemscope="" itemtype="http://schema.org/Offer">            <!-- Price -->                                            <span class="article_price" itemprop="price"><span id="list_price_124324">0,95</span></span>                <span class="currency">€</span>                <script>                    formatNumber('0.95', 'list_price_124324');                </script>                        <meta itemprop="priceCurrency" content="EUR">            <div class="unit_container">                                    <a class="substract_button" title="Menos" href="javascript:void(0);">-</a>                                <label class="quantity_container">                                                                        <input class="input_quantity_product" id="item_quantity_124324" type="number" data-product="124324" value="" min="1" max="999" required="" autocomplete="off">                                                            </label>                                    <a class="add_button" title="Más" href="javascript:void(0);">+</a>                    <a class="added_tick" title="Cambiar unidades" href="javascript:void(0);"></a>                            </div>                                                <div class="article_pum">                        <span>     21,11€/Kilo</span>                    </div>                                                                            <a data-product-id="124324" class="orange_button btn_add2cart" title="Añadir al carrito" onclick="dataLayer.push({event: 'event_gtm',category:'acciones usuario', action:'a�adir producto desde listado'})" href="javascript:addToCartFromItemList('124324')">AÑADIR AL CARRITO &gt;</a>                                        <span class="added_button">En carrito</span>                                    <a class="white_button" title="Añadir a mi lista" href="javascript:addToListFromItemList('124324')" onclick="dataLayer.push({event: 'event_gtm',category:'acciones usuario', action:'a�adir producto a lista'});">Añadir a mi lista</a>                                </div>                    <a class="article_link" title="Ver ficha de PIMIENTA DE CAYENA DANI 45 G" href="/PIMIENTA-DE-CAYENA-DANI-45-G_124324_prd_es_ES.jsp" onclick="javascript:callingTaggingEnpoints('')" itemprop="url"></a>                <div class="hover_container">            <div class="hover">                <div class="info_symbol"></div>            </div>        </div>                    </article>            </li>                    <li class="article" itemprop="itemListElement" itemscope="" itemtype="http://schema.org/Product">                    <article class="article_container" id="item_description_124302">            <a class="article_name" title="Ver ficha de PEREJIL HOJA DANI BOLSA 40 G" href="/PEREJIL-HOJA-DANI-BOLSA-40-G_124302_prd_es_ES.jsp" itemprop="url"><span itemprop="name" id="description_text">PEREJIL HOJA DANI BOLSA 40 G</span></a>            <!--informacion de gluten y calorias -->        <div class="info_container">                                                            <img class="info_icon" alt="10% Descuento para suscriptores Condisline Prime" src="//static.condisline.com/resize_39x39/images/product_icons/icon_subscription.png" width="39" height="39">                                            <a class="info" title="10% Descuento para suscriptores Condisline Prime" href="javascript:void(0);">                            <span class="info_text">10% Descuento para suscriptores Condisline Prime</span>                        </a>                                                        </div>        <img class="article_image" alt="PEREJIL HOJA DANI BOLSA 40 G" data-original="//static.condisline.com/resize_190x200/images/catalog/large/124302.jpg" src="//static.condisline.com/resize_190x200/images/catalog/large/124302.jpg" width="190" height="200" style="display: block;">        <meta itemprop="image" content="//static.condisline.com/resize_190x200/images/catalog/large/124302.jpg">        <div class="article_price_container" itemprop="offers" itemscope="" itemtype="http://schema.org/Offer">            <!-- Price -->                                            <span class="article_price" itemprop="price"><span id="list_price_124302">1,79</span></span>                <span class="currency">€</span>                <script>                    formatNumber('1.79', 'list_price_124302');                </script>                        <meta itemprop="priceCurrency" content="EUR">            <div class="unit_container">                                    <a class="substract_button" title="Menos" href="javascript:void(0);">-</a>                                <label class="quantity_container">                                                                        <input class="input_quantity_product" id="item_quantity_124302" type="number" data-product="124302" value="" min="1" max="999" required="" autocomplete="off">                                                            </label>                                    <a class="add_button" title="Más" href="javascript:void(0);">+</a>                    <a class="added_tick" title="Cambiar unidades" href="javascript:void(0);"></a>                            </div>                                                <div class="article_pum">                        <span>     44,75€/Kilo</span>                    </div>                                                                            <a data-product-id="124302" class="orange_button btn_add2cart" title="Añadir al carrito" onclick="dataLayer.push({event: 'event_gtm',category:'acciones usuario', action:'a�adir producto desde listado'})" href="javascript:addToCartFromItemList('124302')">AÑADIR AL CARRITO &gt;</a>                                        <span class="added_button">En carrito</span>                                    <a class="white_button" title="Añadir a mi lista" href="javascript:addToListFromItemList('124302')" onclick="dataLayer.push({event: 'event_gtm',category:'acciones usuario', action:'a�adir producto a lista'});">Añadir a mi lista</a>                                </div>                    <a class="article_link" title="Ver ficha de PEREJIL HOJA DANI BOLSA 40 G" href="/PEREJIL-HOJA-DANI-BOLSA-40-G_124302_prd_es_ES.jsp" onclick="javascript:callingTaggingEnpoints('')" itemprop="url"></a>                <div class="hover_container">            <div class="hover">                <div class="info_symbol"></div>            </div>        </div>                    </article>            </li>                    <li class="article" itemprop="itemListElement" itemscope="" itemtype="http://schema.org/Product">                    <article class="article_container" id="item_description_124288">            <a class="article_name" title="Ver ficha de ROMERO EN HOJA DANI BOLSA 40 G" href="/ROMERO-EN-HOJA-DANI-BOLSA-40-G_124288_prd_es_ES.jsp" itemprop="url"><span itemprop="name" id="description_text">ROMERO EN HOJA DANI BOLSA 40 G</span></a>            <!--informacion de gluten y calorias -->        <div class="info_container">                                                            <img class="info_icon" alt="10% Descuento para suscriptores Condisline Prime" src="//static.condisline.com/resize_39x39/images/product_icons/icon_subscription.png" width="39" height="39">                                            <a class="info" title="10% Descuento para suscriptores Condisline Prime" href="javascript:void(0);">                            <span class="info_text">10% Descuento para suscriptores Condisline Prime</span>                        </a>                                                        </div>        <img class="article_image" alt="ROMERO EN HOJA DANI BOLSA 40 G" data-original="//static.condisline.com/resize_190x200/images/catalog/large/124288.jpg" src="//static.condisline.com/resize_190x200/images/catalog/large/124288.jpg" width="190" height="200" style="display: block;">        <meta itemprop="image" content="//static.condisline.com/resize_190x200/images/catalog/large/124288.jpg">        <div class="article_price_container" itemprop="offers" itemscope="" itemtype="http://schema.org/Offer">            <!-- Price -->                                            <span class="article_price" itemprop="price"><span id="list_price_124288">0,95</span></span>                <span class="currency">€</span>                <script>                    formatNumber('0.95', 'list_price_124288');                </script>                        <meta itemprop="priceCurrency" content="EUR">            <div class="unit_container">                                    <a class="substract_button" title="Menos" href="javascript:void(0);">-</a>                                <label class="quantity_container">                                                                        <input class="input_quantity_product" id="item_quantity_124288" type="number" data-product="124288" value="" min="1" max="999" required="" autocomplete="off">                                                            </label>                                    <a class="add_button" title="Más" href="javascript:void(0);">+</a>                    <a class="added_tick" title="Cambiar unidades" href="javascript:void(0);"></a>                            </div>                                                <div class="article_pum">                        <span>     23,75€/Kilo</span>                    </div>                                                                            <a data-product-id="124288" class="orange_button btn_add2cart" title="Añadir al carrito" onclick="dataLayer.push({event: 'event_gtm',category:'acciones usuario', action:'a�adir producto desde listado'})" href="javascript:addToCartFromItemList('124288')">AÑADIR AL CARRITO &gt;</a>                                        <span class="added_button">En carrito</span>                                    <a class="white_button" title="Añadir a mi lista" href="javascript:addToListFromItemList('124288')" onclick="dataLayer.push({event: 'event_gtm',category:'acciones usuario', action:'a�adir producto a lista'});">Añadir a mi lista</a>                                </div>                    <a class="article_link" title="Ver ficha de ROMERO EN HOJA DANI BOLSA 40 G" href="/ROMERO-EN-HOJA-DANI-BOLSA-40-G_124288_prd_es_ES.jsp" onclick="javascript:callingTaggingEnpoints('')" itemprop="url"></a>                <div class="hover_container">            <div class="hover">                <div class="info_symbol"></div>            </div>        </div>                    </article>            </li>                    <li class="article" itemprop="itemListElement" itemscope="" itemtype="http://schema.org/Product">                    <article class="article_container" id="item_description_124226">            <a class="article_name" title="Ver ficha de NUEZ MOSCADA ENTERA DANI 35 G" href="/NUEZ-MOSCADA-ENTERA-DANI-35-G_124226_prd_es_ES.jsp" itemprop="url"><span itemprop="name" id="description_text">NUEZ MOSCADA ENTERA DANI 35 G</span></a>            <!--informacion de gluten y calorias -->        <div class="info_container">                                                            <img class="info_icon" alt="10% Descuento para suscriptores Condisline Prime" src="//static.condisline.com/resize_39x39/images/product_icons/icon_subscription.png" width="39" height="39">                                            <a class="info" title="10% Descuento para suscriptores Condisline Prime" href="javascript:void(0);">                            <span class="info_text">10% Descuento para suscriptores Condisline Prime</span>                        </a>                                                        </div>        <img class="article_image" alt="NUEZ MOSCADA ENTERA DANI 35 G" data-original="//static.condisline.com/resize_190x200/images/catalog/large/124226.jpg" src="//static.condisline.com/resize_190x200/images/catalog/large/124226.jpg" width="190" height="200" style="display: block;">        <meta itemprop="image" content="//static.condisline.com/resize_190x200/images/catalog/large/124226.jpg">        <div class="article_price_container" itemprop="offers" itemscope="" itemtype="http://schema.org/Offer">            <!-- Price -->                                            <span class="article_price" itemprop="price"><span id="list_price_124226">1,69</span></span>                <span class="currency">€</span>                <script>                    formatNumber('1.69', 'list_price_124226');                </script>                        <meta itemprop="priceCurrency" content="EUR">            <div class="unit_container">                                    <a class="substract_button" title="Menos" href="javascript:void(0);">-</a>                                <label class="quantity_container">                                                                        <input class="input_quantity_product" id="item_quantity_124226" type="number" data-product="124226" value="" min="1" max="999" required="" autocomplete="off">                                                            </label>                                    <a class="add_button" title="Más" href="javascript:void(0);">+</a>                    <a class="added_tick" title="Cambiar unidades" href="javascript:void(0);"></a>                            </div>                                                <div class="article_pum">                        <span>     84,50€/Kilo</span>                    </div>                                                                            <a data-product-id="124226" class="orange_button btn_add2cart" title="Añadir al carrito" onclick="dataLayer.push({event: 'event_gtm',category:'acciones usuario', action:'a�adir producto desde listado'})" href="javascript:addToCartFromItemList('124226')">AÑADIR AL CARRITO &gt;</a>                                        <span class="added_button">En carrito</span>                                    <a class="white_button" title="Añadir a mi lista" href="javascript:addToListFromItemList('124226')" onclick="dataLayer.push({event: 'event_gtm',category:'acciones usuario', action:'a�adir producto a lista'});">Añadir a mi lista</a>                                </div>                    <a class="article_link" title="Ver ficha de NUEZ MOSCADA ENTERA DANI 35 G" href="/NUEZ-MOSCADA-ENTERA-DANI-35-G_124226_prd_es_ES.jsp" onclick="javascript:callingTaggingEnpoints('')" itemprop="url"></a>                <div class="hover_container">            <div class="hover">                <div class="info_symbol"></div>            </div>        </div>                    </article>            </li>                    <li class="article" itemprop="itemListElement" itemscope="" itemtype="http://schema.org/Product">                    <article class="article_container" id="item_description_124187">            <a class="article_name" title="Ver ficha de CLAVO CONDIS GRANO 30 G" href="/CLAVO-CONDIS-GRANO-30-G_124187_prd_es_ES.jsp" itemprop="url"><span itemprop="name" id="description_text">CLAVO CONDIS GRANO 30 G</span></a>            <!--informacion de gluten y calorias -->        <div class="info_container">                                                            <img class="info_icon" alt="10% Descuento para suscriptores Condisline Prime" src="//static.condisline.com/resize_39x39/images/product_icons/icon_subscription.png" width="39" height="39">                                            <a class="info" title="10% Descuento para suscriptores Condisline Prime" href="javascript:void(0);">                            <span class="info_text">10% Descuento para suscriptores Condisline Prime</span>                        </a>                                                        <img class="info_icon" alt="Producto sin gluten" src="//static.condisline.com/resize_39x39/images/product_icons/no_gluten.png" width="39" height="39">                                            <a class="info" title="Producto sin gluten" href="javascript:void(0);">                            <span class="info_text">Producto sin gluten</span>                        </a>                                                        <img class="info_icon" alt="Marca propia" src="//static.condisline.com/resize_39x39/images/product_icons/marca_propia.png" width="39" height="39">                                            <a class="info" title="Marca propia" href="javascript:void(0);">                            <span class="info_text">Marca propia</span>                        </a>                                                        </div>        <img class="article_image" alt="CLAVO CONDIS GRANO 30 G" data-original="//static.condisline.com/resize_190x200/images/catalog/large/124187.jpg" src="//static.condisline.com/resize_190x200/images/catalog/large/124187.jpg" width="190" height="200" style="display: block;">        <meta itemprop="image" content="//static.condisline.com/resize_190x200/images/catalog/large/124187.jpg">        <div class="article_price_container" itemprop="offers" itemscope="" itemtype="http://schema.org/Offer">            <!-- Price -->                                            <span class="article_price" itemprop="price"><span id="list_price_124187">1,19</span></span>                <span class="currency">€</span>                <script>                    formatNumber('1.19', 'list_price_124187');                </script>                        <meta itemprop="priceCurrency" content="EUR">            <div class="unit_container">                                    <a class="substract_button" title="Menos" href="javascript:void(0);">-</a>                                <label class="quantity_container">                                                                        <input class="input_quantity_product" id="item_quantity_124187" type="number" data-product="124187" value="" min="1" max="999" required="" autocomplete="off">                                                            </label>                                    <a class="add_button" title="Más" href="javascript:void(0);">+</a>                    <a class="added_tick" title="Cambiar unidades" href="javascript:void(0);"></a>                            </div>                                                <div class="article_pum">                        <span>     39,67€/Kilo</span>                    </div>                                                                            <a data-product-id="124187" class="orange_button btn_add2cart" title="Añadir al carrito" onclick="dataLayer.push({event: 'event_gtm',category:'acciones usuario', action:'a�adir producto desde listado'})" href="javascript:addToCartFromItemList('124187')">AÑADIR AL CARRITO &gt;</a>                                        <span class="added_button">En carrito</span>                                    <a class="white_button" title="Añadir a mi lista" href="javascript:addToListFromItemList('124187')" onclick="dataLayer.push({event: 'event_gtm',category:'acciones usuario', action:'a�adir producto a lista'});">Añadir a mi lista</a>                                </div>                    <a class="article_link" title="Ver ficha de CLAVO CONDIS GRANO 30 G" href="/CLAVO-CONDIS-GRANO-30-G_124187_prd_es_ES.jsp" onclick="javascript:callingTaggingEnpoints('')" itemprop="url"></a>                <div class="hover_container">            <div class="hover">                <div class="info_symbol"></div>            </div>        </div>                    </article>            </li>                    <li class="article" itemprop="itemListElement" itemscope="" itemtype="http://schema.org/Product">                    <article class="article_container" id="item_description_110529">            <a class="article_name" title="Ver ficha de MOSTAZA COOSUR BOCABAJO 300 G" href="/MOSTAZA-COOSUR-BOCABAJO-300-G_110529_prd_es_ES.jsp" itemprop="url"><span itemprop="name" id="description_text">MOSTAZA COOSUR BOCABAJO 300 G</span></a>            <!--informacion de gluten y calorias -->        <div class="info_container">                            <span class="calories">87 <span>kcal</span></span>                <a class="info" title="Producto con 87 kilocalorías" href="javascript:void(0);">                    <span class="info_text">Producto con 87 kilocalorías.</span>                </a>                                                            <img class="info_icon" alt="10% Descuento para suscriptores Condisline Prime" src="//static.condisline.com/resize_39x39/images/product_icons/icon_subscription.png" width="39" height="39">                                            <a class="info" title="10% Descuento para suscriptores Condisline Prime" href="javascript:void(0);">                            <span class="info_text">10% Descuento para suscriptores Condisline Prime</span>                        </a>                                                        <img class="info_icon" alt="Marca propia" src="//static.condisline.com/resize_39x39/images/product_icons/marca_propia.png" width="39" height="39">                                            <a class="info" title="Marca propia" href="javascript:void(0);">                            <span class="info_text">Marca propia</span>                        </a>                                                        </div>        <img class="article_image" alt="MOSTAZA COOSUR BOCABAJO 300 G" data-original="//static.condisline.com/resize_190x200/images/catalog/large/110529.jpg" src="//static.condisline.com/resize_190x200/images/catalog/large/110529.jpg" width="190" height="200" style="display: block;">        <meta itemprop="image" content="//static.condisline.com/resize_190x200/images/catalog/large/110529.jpg">        <div class="article_price_container" itemprop="offers" itemscope="" itemtype="http://schema.org/Offer">            <!-- Price -->                                            <span class="article_price" itemprop="price"><span id="list_price_110529">1,15</span></span>                <span class="currency">€</span>                <script>                    formatNumber('1.15', 'list_price_110529');                </script>                        <meta itemprop="priceCurrency" content="EUR">            <div class="unit_container">                                    <a class="substract_button" title="Menos" href="javascript:void(0);">-</a>                                <label class="quantity_container">                                                                        <input class="input_quantity_product" id="item_quantity_110529" type="number" data-product="110529" value="" min="1" max="999" required="" autocomplete="off">                                                            </label>                                    <a class="add_button" title="Más" href="javascript:void(0);">+</a>                    <a class="added_tick" title="Cambiar unidades" href="javascript:void(0);"></a>                            </div>                                                <div class="article_pum">                        <span>      3,83€/Kilo</span>                    </div>                                                                            <a data-product-id="110529" class="orange_button btn_add2cart" title="Añadir al carrito" onclick="dataLayer.push({event: 'event_gtm',category:'acciones usuario', action:'a�adir producto desde listado'})" href="javascript:addToCartFromItemList('110529')">AÑADIR AL CARRITO &gt;</a>                                        <span class="added_button">En carrito</span>                                    <a class="white_button" title="Añadir a mi lista" href="javascript:addToListFromItemList('110529')" onclick="dataLayer.push({event: 'event_gtm',category:'acciones usuario', action:'a�adir producto a lista'});">Añadir a mi lista</a>                                </div>                    <a class="article_link" title="Ver ficha de MOSTAZA COOSUR BOCABAJO 300 G" href="/MOSTAZA-COOSUR-BOCABAJO-300-G_110529_prd_es_ES.jsp" onclick="javascript:callingTaggingEnpoints('')" itemprop="url"></a>                <div class="hover_container">            <div class="hover">                <div class="info_symbol"></div>            </div>        </div>                    </article>            </li>                    <li class="article" itemprop="itemListElement" itemscope="" itemtype="http://schema.org/Product">                    <article class="article_container" id="item_description_110492">            <a class="article_name" title="Ver ficha de MAYONESA CHOVI ORIGINAL PET 400 G" href="/MAYONESA-CHOVI-ORIGINAL-PET-400-G_110492_prd_es_ES.jsp" itemprop="url"><span itemprop="name" id="description_text">MAYONESA CHOVI ORIGINAL PET 400 G</span></a>            <!--informacion de gluten y calorias -->        <div class="info_container">                            <span class="calories">618 <span>kcal</span></span>                <a class="info" title="Producto con 618 kilocalorías" href="javascript:void(0);">                    <span class="info_text">Producto con 618 kilocalorías.</span>                </a>                                                            <img class="info_icon" alt="10% Descuento para suscriptores Condisline Prime" src="//static.condisline.com/resize_39x39/images/product_icons/icon_subscription.png" width="39" height="39">                                            <a class="info" title="10% Descuento para suscriptores Condisline Prime" href="javascript:void(0);">                            <span class="info_text">10% Descuento para suscriptores Condisline Prime</span>                        </a>                                                        </div>        <img class="article_image" alt="MAYONESA CHOVI ORIGINAL PET 400 G" data-original="//static.condisline.com/resize_190x200/images/catalog/large/110492.jpg" src="//static.condisline.com/resize_190x200/images/catalog/large/110492.jpg" width="190" height="200" style="display: block;">        <meta itemprop="image" content="//static.condisline.com/resize_190x200/images/catalog/large/110492.jpg">        <div class="article_price_container" itemprop="offers" itemscope="" itemtype="http://schema.org/Offer">            <!-- Price -->                                            <span class="article_price" itemprop="price"><span id="list_price_110492">1,99</span></span>                <span class="currency">€</span>                <script>                    formatNumber('1.99', 'list_price_110492');                </script>                        <meta itemprop="priceCurrency" content="EUR">            <div class="unit_container">                                    <a class="substract_button" title="Menos" href="javascript:void(0);">-</a>                                <label class="quantity_container">                                                                        <input class="input_quantity_product" id="item_quantity_110492" type="number" data-product="110492" value="" min="1" max="999" required="" autocomplete="off">                                                            </label>                                    <a class="add_button" title="Más" href="javascript:void(0);">+</a>                    <a class="added_tick" title="Cambiar unidades" href="javascript:void(0);"></a>                            </div>                                                <div class="article_pum">                        <span>      4,98€/Kilo</span>                    </div>                                                                            <a data-product-id="110492" class="orange_button btn_add2cart" title="Añadir al carrito" onclick="dataLayer.push({event: 'event_gtm',category:'acciones usuario', action:'a�adir producto desde listado'})" href="javascript:addToCartFromItemList('110492')">AÑADIR AL CARRITO &gt;</a>                                        <span class="added_button">En carrito</span>                                    <a class="white_button" title="Añadir a mi lista" href="javascript:addToListFromItemList('110492')" onclick="dataLayer.push({event: 'event_gtm',category:'acciones usuario', action:'a�adir producto a lista'});">Añadir a mi lista</a>                                </div>                    <a class="article_link" title="Ver ficha de MAYONESA CHOVI ORIGINAL PET 400 G" href="/MAYONESA-CHOVI-ORIGINAL-PET-400-G_110492_prd_es_ES.jsp" onclick="javascript:callingTaggingEnpoints('')" itemprop="url"></a>                <div class="hover_container">            <div class="hover">                <div class="info_symbol"></div>            </div>        </div>                    </article>            </li>                    <li class="article" itemprop="itemListElement" itemscope="" itemtype="http://schema.org/Product">                    <article class="article_container" id="item_description_524109">            <a class="article_name" title="Ver ficha de KETCHUP SOLIS TOMATE CULTIVO 550 G" href="/KETCHUP-SOLIS-TOMATE-CULTIVO-550-G_524109_prd_es_ES.jsp" itemprop="url"><span itemprop="name" id="description_text">KETCHUP SOLIS TOMATE CULTIVO 550 G</span></a>            <!--informacion de gluten y calorias -->        <div class="info_container">                            <span class="calories">87 <span>kcal</span></span>                <a class="info" title="Producto con 87 kilocalorías" href="javascript:void(0);">                    <span class="info_text">Producto con 87 kilocalorías.</span>                </a>                                                            <img class="info_icon" alt="10% Descuento para suscriptores Condisline Prime" src="//static.condisline.com/resize_39x39/images/product_icons/icon_subscription.png" width="39" height="39">                                            <a class="info" title="10% Descuento para suscriptores Condisline Prime" href="javascript:void(0);">                            <span class="info_text">10% Descuento para suscriptores Condisline Prime</span>                        </a>                                                        </div>        <img class="article_image" alt="KETCHUP SOLIS TOMATE CULTIVO 550 G" data-original="//static.condisline.com/resize_190x200/images/catalog/large/524109.jpg" src="//static.condisline.com/resize_190x200/images/catalog/large/524109.jpg" width="190" height="200" style="display: block;">        <meta itemprop="image" content="//static.condisline.com/resize_190x200/images/catalog/large/524109.jpg">        <div class="article_price_container" itemprop="offers" itemscope="" itemtype="http://schema.org/Offer">            <!-- Price -->                                            <span class="article_price" itemprop="price"><span id="list_price_524109">2,85</span></span>                <span class="currency">€</span>                <script>                    formatNumber('2.85', 'list_price_524109');                </script>                        <meta itemprop="priceCurrency" content="EUR">            <div class="unit_container">                                    <a class="substract_button" title="Menos" href="javascript:void(0);">-</a>                                <label class="quantity_container">                                                                        <input class="input_quantity_product" id="item_quantity_524109" type="number" data-product="524109" value="" min="1" max="999" required="" autocomplete="off">                                                            </label>                                    <a class="add_button" title="Más" href="javascript:void(0);">+</a>                    <a class="added_tick" title="Cambiar unidades" href="javascript:void(0);"></a>                            </div>                                                <div class="article_pum">                        <span>      5,18€/Kilo</span>                    </div>                                                                            <a data-product-id="524109" class="orange_button btn_add2cart" title="Añadir al carrito" onclick="dataLayer.push({event: 'event_gtm',category:'acciones usuario', action:'a�adir producto desde listado'})" href="javascript:addToCartFromItemList('524109')">AÑADIR AL CARRITO &gt;</a>                                        <span class="added_button">En carrito</span>                                    <a class="white_button" title="Añadir a mi lista" href="javascript:addToListFromItemList('524109')" onclick="dataLayer.push({event: 'event_gtm',category:'acciones usuario', action:'a�adir producto a lista'});">Añadir a mi lista</a>                                </div>                    <a class="article_link" title="Ver ficha de KETCHUP SOLIS TOMATE CULTIVO 550 G" href="/KETCHUP-SOLIS-TOMATE-CULTIVO-550-G_524109_prd_es_ES.jsp" onclick="javascript:callingTaggingEnpoints('')" itemprop="url"></a>                <div class="hover_container">            <div class="hover">                <div class="info_symbol"></div>            </div>        </div>                    </article>            </li>                    <li class="article" itemprop="itemListElement" itemscope="" itemtype="http://schema.org/Product">                    <article class="article_container" id="item_description_110496">            <a class="article_name" title="Ver ficha de PESTO ROSSO CUCINA ANT  190 G" href="/PESTO-ROSSO-CUCINA-ANT-190-G_110496_prd_es_ES.jsp" itemprop="url"><span itemprop="name" id="description_text">PESTO ROSSO CUCINA ANT  190 G</span></a>            <!--informacion de gluten y calorias -->        <div class="info_container">                                                            <img class="info_icon" alt="10% Descuento para suscriptores Condisline Prime" src="//static.condisline.com/resize_39x39/images/product_icons/icon_subscription.png" width="39" height="39">                                            <a class="info" title="10% Descuento para suscriptores Condisline Prime" href="javascript:void(0);">                            <span class="info_text">10% Descuento para suscriptores Condisline Prime</span>                        </a>                                                        </div>        <img class="article_image" alt="PESTO ROSSO CUCINA ANT  190 G" data-original="//static.condisline.com/resize_190x200/images/catalog/large/110496.jpg" src="//static.condisline.com/resize_190x200/images/catalog/large/110496.jpg" width="190" height="200">        <meta itemprop="image" content="//static.condisline.com/resize_190x200/images/catalog/large/110496.jpg">        <div class="article_price_container" itemprop="offers" itemscope="" itemtype="http://schema.org/Offer">            <!-- Price -->                                            <span class="article_price" itemprop="price"><span id="list_price_110496">4,75</span></span>                <span class="currency">€</span>                <script>                    formatNumber('4.75', 'list_price_110496');                </script>                        <meta itemprop="priceCurrency" content="EUR">            <div class="unit_container">                                    <a class="substract_button" title="Menos" href="javascript:void(0);">-</a>                                <label class="quantity_container">                                                                        <input class="input_quantity_product" id="item_quantity_110496" type="number" data-product="110496" value="" min="1" max="999" required="" autocomplete="off">                                                            </label>                                    <a class="add_button" title="Más" href="javascript:void(0);">+</a>                    <a class="added_tick" title="Cambiar unidades" href="javascript:void(0);"></a>                            </div>                                                <div class="article_pum">                        <span>     25,00€/Kilo</span>                    </div>                                                                            <a data-product-id="110496" class="orange_button btn_add2cart" title="Añadir al carrito" onclick="dataLayer.push({event: 'event_gtm',category:'acciones usuario', action:'a�adir producto desde listado'})" href="javascript:addToCartFromItemList('110496')">AÑADIR AL CARRITO &gt;</a>                                        <span class="added_button">En carrito</span>                                    <a class="white_button" title="Añadir a mi lista" href="javascript:addToListFromItemList('110496')" onclick="dataLayer.push({event: 'event_gtm',category:'acciones usuario', action:'a�adir producto a lista'});">Añadir a mi lista</a>                                </div>                    <a class="article_link" title="Ver ficha de PESTO ROSSO CUCINA ANT  190 G" href="/PESTO-ROSSO-CUCINA-ANT-190-G_110496_prd_es_ES.jsp" onclick="javascript:callingTaggingEnpoints('')" itemprop="url"></a>                <div class="hover_container">            <div class="hover">                <div class="info_symbol"></div>            </div>        </div>                    </article>            </li>                    <li class="article" itemprop="itemListElement" itemscope="" itemtype="http://schema.org/Product">                    <article class="article_container" id="item_description_519014">            <a class="article_name" title="Ver ficha de SALSA FERRER XATÓ 135 G" href="/SALSA-FERRER-XATO-135-G_519014_prd_es_ES.jsp" itemprop="url"><span itemprop="name" id="description_text">SALSA FERRER XATÓ 135 G</span></a>            <!--informacion de gluten y calorias -->        <div class="info_container">                            <span class="calories">424 <span>kcal</span></span>                <a class="info" title="Producto con 424 kilocalorías" href="javascript:void(0);">                    <span class="info_text">Producto con 424 kilocalorías.</span>                </a>                                                            <img class="info_icon" alt="10% Descuento para suscriptores Condisline Prime" src="//static.condisline.com/resize_39x39/images/product_icons/icon_subscription.png" width="39" height="39">                                            <a class="info" title="10% Descuento para suscriptores Condisline Prime" href="javascript:void(0);">                            <span class="info_text">10% Descuento para suscriptores Condisline Prime</span>                        </a>                                                        </div>        <img class="article_image" alt="SALSA FERRER XATÓ 135 G" data-original="//static.condisline.com/resize_190x200/images/catalog/large/519014.jpg" src="//static.condisline.com/resize_190x200/images/catalog/large/519014.jpg" width="190" height="200">        <meta itemprop="image" content="//static.condisline.com/resize_190x200/images/catalog/large/519014.jpg">        <div class="article_price_container" itemprop="offers" itemscope="" itemtype="http://schema.org/Offer">            <!-- Price -->                                            <span class="article_price" itemprop="price"><span id="list_price_519014">2,25</span></span>                <span class="currency">€</span>                <script>                    formatNumber('2.25', 'list_price_519014');                </script>                        <meta itemprop="priceCurrency" content="EUR">            <div class="unit_container">                                    <a class="substract_button" title="Menos" href="javascript:void(0);">-</a>                                <label class="quantity_container">                                                                        <input class="input_quantity_product" id="item_quantity_519014" type="number" data-product="519014" value="" min="1" max="999" required="" autocomplete="off">                                                            </label>                                    <a class="add_button" title="Más" href="javascript:void(0);">+</a>                    <a class="added_tick" title="Cambiar unidades" href="javascript:void(0);"></a>                            </div>                                                <div class="article_pum">                        <span>     16,67€/Kilo</span>                    </div>                                                                            <a data-product-id="519014" class="orange_button btn_add2cart" title="Añadir al carrito" onclick="dataLayer.push({event: 'event_gtm',category:'acciones usuario', action:'a�adir producto desde listado'})" href="javascript:addToCartFromItemList('519014')">AÑADIR AL CARRITO &gt;</a>                                        <span class="added_button">En carrito</span>                                    <a class="white_button" title="Añadir a mi lista" href="javascript:addToListFromItemList('519014')" onclick="dataLayer.push({event: 'event_gtm',category:'acciones usuario', action:'a�adir producto a lista'});">Añadir a mi lista</a>                                </div>                    <a class="article_link" title="Ver ficha de SALSA FERRER XATÓ 135 G" href="/SALSA-FERRER-XATO-135-G_519014_prd_es_ES.jsp" onclick="javascript:callingTaggingEnpoints('')" itemprop="url"></a>                <div class="hover_container">            <div class="hover">                <div class="info_symbol"></div>            </div>        </div>                    </article>            </li>                    <li class="article" itemprop="itemListElement" itemscope="" itemtype="http://schema.org/Product">                    <article class="article_container" id="item_description_124112">            <a class="article_name" title="Ver ficha de COMINOS EN GRANO DANI 38 G" href="/COMINOS-EN-GRANO-DANI-38-G_124112_prd_es_ES.jsp" itemprop="url"><span itemprop="name" id="description_text">COMINOS EN GRANO DANI 38 G</span></a>            <!--informacion de gluten y calorias -->        <div class="info_container">                                                            <img class="info_icon" alt="10% Descuento para suscriptores Condisline Prime" src="//static.condisline.com/resize_39x39/images/product_icons/icon_subscription.png" width="39" height="39">                                            <a class="info" title="10% Descuento para suscriptores Condisline Prime" href="javascript:void(0);">                            <span class="info_text">10% Descuento para suscriptores Condisline Prime</span>                        </a>                                                        </div>        <img class="article_image" alt="COMINOS EN GRANO DANI 38 G" data-original="//static.condisline.com/resize_190x200/images/catalog/large/124112.jpg" src="//static.condisline.com/resize_190x200/images/catalog/large/124112.jpg" width="190" height="200">        <meta itemprop="image" content="//static.condisline.com/resize_190x200/images/catalog/large/124112.jpg">        <div class="article_price_container" itemprop="offers" itemscope="" itemtype="http://schema.org/Offer">            <!-- Price -->                                            <span class="article_price" itemprop="price"><span id="list_price_124112">1,29</span></span>                <span class="currency">€</span>                <script>                    formatNumber('1.29', 'list_price_124112');                </script>                        <meta itemprop="priceCurrency" content="EUR">            <div class="unit_container">                                    <a class="substract_button" title="Menos" href="javascript:void(0);">-</a>                                <label class="quantity_container">                                                                        <input class="input_quantity_product" id="item_quantity_124112" type="number" data-product="124112" value="" min="1" max="999" required="" autocomplete="off">                                                            </label>                                    <a class="add_button" title="Más" href="javascript:void(0);">+</a>                    <a class="added_tick" title="Cambiar unidades" href="javascript:void(0);"></a>                            </div>                                                <div class="article_pum">                        <span>     33,95€/Kilo</span>                    </div>                                                                            <a data-product-id="124112" class="orange_button btn_add2cart" title="Añadir al carrito" onclick="dataLayer.push({event: 'event_gtm',category:'acciones usuario', action:'a�adir producto desde listado'})" href="javascript:addToCartFromItemList('124112')">AÑADIR AL CARRITO &gt;</a>                                        <span class="added_button">En carrito</span>                                    <a class="white_button" title="Añadir a mi lista" href="javascript:addToListFromItemList('124112')" onclick="dataLayer.push({event: 'event_gtm',category:'acciones usuario', action:'a�adir producto a lista'});">Añadir a mi lista</a>                                </div>                    <a class="article_link" title="Ver ficha de COMINOS EN GRANO DANI 38 G" href="/COMINOS-EN-GRANO-DANI-38-G_124112_prd_es_ES.jsp" onclick="javascript:callingTaggingEnpoints('')" itemprop="url"></a>                <div class="hover_container">            <div class="hover">                <div class="info_symbol"></div>            </div>        </div>                    </article>            </li>                    <li class="article" itemprop="itemListElement" itemscope="" itemtype="http://schema.org/Product">                    <article class="article_container" id="item_description_124322">            <a class="article_name" title="Ver ficha de SAZONADOR SABOR ITALIA DANI 45 G" href="/SAZONADOR-SABOR-ITALIA-DANI-45-G_124322_prd_es_ES.jsp" itemprop="url"><span itemprop="name" id="description_text">SAZONADOR SABOR ITALIA DANI 45 G</span></a>            <!--informacion de gluten y calorias -->        <div class="info_container">                                                            <img class="info_icon" alt="10% Descuento para suscriptores Condisline Prime" src="//static.condisline.com/resize_39x39/images/product_icons/icon_subscription.png" width="39" height="39">                                            <a class="info" title="10% Descuento para suscriptores Condisline Prime" href="javascript:void(0);">                            <span class="info_text">10% Descuento para suscriptores Condisline Prime</span>                        </a>                                                        </div>        <img class="article_image" alt="SAZONADOR SABOR ITALIA DANI 45 G" data-original="//static.condisline.com/resize_190x200/images/catalog/large/124322.jpg" src="//static.condisline.com/resize_190x200/images/catalog/large/124322.jpg" width="190" height="200" style="display: block;">        <meta itemprop="image" content="//static.condisline.com/resize_190x200/images/catalog/large/124322.jpg">        <div class="article_price_container" itemprop="offers" itemscope="" itemtype="http://schema.org/Offer">            <!-- Price -->                                            <span class="article_price" itemprop="price"><span id="list_price_124322">3,39</span></span>                <span class="currency">€</span>                <script>                    formatNumber('3.39', 'list_price_124322');                </script>                        <meta itemprop="priceCurrency" content="EUR">            <div class="unit_container">                                    <a class="substract_button" title="Menos" href="javascript:void(0);">-</a>                                <label class="quantity_container">                                                                        <input class="input_quantity_product" id="item_quantity_124322" type="number" data-product="124322" value="" min="1" max="999" required="" autocomplete="off">                                                            </label>                                    <a class="add_button" title="Más" href="javascript:void(0);">+</a>                    <a class="added_tick" title="Cambiar unidades" href="javascript:void(0);"></a>                            </div>                                                <div class="article_pum">                        <span>     75,33€/Kilo</span>                    </div>                                                                            <a data-product-id="124322" class="orange_button btn_add2cart" title="Añadir al carrito" onclick="dataLayer.push({event: 'event_gtm',category:'acciones usuario', action:'a�adir producto desde listado'})" href="javascript:addToCartFromItemList('124322')">AÑADIR AL CARRITO &gt;</a>                                        <span class="added_button">En carrito</span>                                    <a class="white_button" title="Añadir a mi lista" href="javascript:addToListFromItemList('124322')" onclick="dataLayer.push({event: 'event_gtm',category:'acciones usuario', action:'a�adir producto a lista'});">Añadir a mi lista</a>                                </div>                    <a class="article_link" title="Ver ficha de SAZONADOR SABOR ITALIA DANI 45 G" href="/SAZONADOR-SABOR-ITALIA-DANI-45-G_124322_prd_es_ES.jsp" onclick="javascript:callingTaggingEnpoints('')" itemprop="url"></a>                <div class="hover_container">            <div class="hover">                <div class="info_symbol"></div>            </div>        </div>                    </article>            </li>                    <li class="article" itemprop="itemListElement" itemscope="" itemtype="http://schema.org/Product">                    <article class="article_container" id="item_description_124346">            <a class="article_name" title="Ver ficha de SAL ROSA DEL HIMALAYA DANI 425 G" href="/SAL-ROSA-DEL-HIMALAYA-DANI-425-G_124346_prd_es_ES.jsp" itemprop="url"><span itemprop="name" id="description_text">SAL ROSA DEL HIMALAYA DANI 425 G</span></a>            <!--informacion de gluten y calorias -->        <div class="info_container">                                                            <img class="info_icon" alt="10% Descuento para suscriptores Condisline Prime" src="//static.condisline.com/resize_39x39/images/product_icons/icon_subscription.png" width="39" height="39">                                            <a class="info" title="10% Descuento para suscriptores Condisline Prime" href="javascript:void(0);">                            <span class="info_text">10% Descuento para suscriptores Condisline Prime</span>                        </a>                                                        </div>        <img class="article_image" alt="SAL ROSA DEL HIMALAYA DANI 425 G" data-original="//static.condisline.com/resize_190x200/images/catalog/large/124346.jpg" src="//static.condisline.com/resize_190x200/images/catalog/large/124346.jpg" width="190" height="200" style="display: block;">        <meta itemprop="image" content="//static.condisline.com/resize_190x200/images/catalog/large/124346.jpg">        <div class="article_price_container" itemprop="offers" itemscope="" itemtype="http://schema.org/Offer">            <!-- Price -->                                            <span class="article_price" itemprop="price"><span id="list_price_124346">4,69</span></span>                <span class="currency">€</span>                <script>                    formatNumber('4.69', 'list_price_124346');                </script>                        <meta itemprop="priceCurrency" content="EUR">            <div class="unit_container">                                    <a class="substract_button" title="Menos" href="javascript:void(0);">-</a>                                <label class="quantity_container">                                                                        <input class="input_quantity_product" id="item_quantity_124346" type="number" data-product="124346" value="" min="1" max="999" required="" autocomplete="off">                                                            </label>                                    <a class="add_button" title="Más" href="javascript:void(0);">+</a>                    <a class="added_tick" title="Cambiar unidades" href="javascript:void(0);"></a>                            </div>                                                <div class="article_pum">                        <span>     11,04€/Kilo</span>                    </div>                                                                            <a data-product-id="124346" class="orange_button btn_add2cart" title="Añadir al carrito" onclick="dataLayer.push({event: 'event_gtm',category:'acciones usuario', action:'a�adir producto desde listado'})" href="javascript:addToCartFromItemList('124346')">AÑADIR AL CARRITO &gt;</a>                                        <span class="added_button">En carrito</span>                                    <a class="white_button" title="Añadir a mi lista" href="javascript:addToListFromItemList('124346')" onclick="dataLayer.push({event: 'event_gtm',category:'acciones usuario', action:'a�adir producto a lista'});">Añadir a mi lista</a>                                </div>                    <a class="article_link" title="Ver ficha de SAL ROSA DEL HIMALAYA DANI 425 G" href="/SAL-ROSA-DEL-HIMALAYA-DANI-425-G_124346_prd_es_ES.jsp" onclick="javascript:callingTaggingEnpoints('')" itemprop="url"></a>                <div class="hover_container">            <div class="hover">                <div class="info_symbol"></div>            </div>        </div>                    </article>            </li>                    <li class="article" itemprop="itemListElement" itemscope="" itemtype="http://schema.org/Product">                    <article class="article_container" id="item_description_124316">            <a class="article_name" title="Ver ficha de PIMENTÓN PICANTE AHUMADO DANI 75 G" href="/PIMENTON-PICANTE-AHUMADO-DANI-75-G_124316_prd_es_ES.jsp" itemprop="url"><span itemprop="name" id="description_text">PIMENTÓN PICANTE AHUMADO DANI 75 G</span></a>            <!--informacion de gluten y calorias -->        <div class="info_container">                                                            <img class="info_icon" alt="10% Descuento para suscriptores Condisline Prime" src="//static.condisline.com/resize_39x39/images/product_icons/icon_subscription.png" width="39" height="39">                                            <a class="info" title="10% Descuento para suscriptores Condisline Prime" href="javascript:void(0);">                            <span class="info_text">10% Descuento para suscriptores Condisline Prime</span>                        </a>                                                        <img class="info_icon" alt="Producto sin gluten" src="//static.condisline.com/resize_39x39/images/product_icons/no_gluten.png" width="39" height="39">                                            <a class="info" title="Producto sin gluten" href="javascript:void(0);">                            <span class="info_text">Producto sin gluten</span>                        </a>                                                        </div>        <img class="article_image" alt="PIMENTÓN PICANTE AHUMADO DANI 75 G" data-original="//static.condisline.com/resize_190x200/images/catalog/large/124316.jpg" src="//static.condisline.com/resize_190x200/images/catalog/large/124316.jpg" width="190" height="200" style="display: block;">        <meta itemprop="image" content="//static.condisline.com/resize_190x200/images/catalog/large/124316.jpg">        <div class="article_price_container" itemprop="offers" itemscope="" itemtype="http://schema.org/Offer">            <!-- Price -->                                            <span class="article_price" itemprop="price"><span id="list_price_124316">2,99</span></span>                <span class="currency">€</span>                <script>                    formatNumber('2.99', 'list_price_124316');                </script>                        <meta itemprop="priceCurrency" content="EUR">            <div class="unit_container">                                    <a class="substract_button" title="Menos" href="javascript:void(0);">-</a>                                <label class="quantity_container">                                                                        <input class="input_quantity_product" id="item_quantity_124316" type="number" data-product="124316" value="" min="1" max="999" required="" autocomplete="off">                                                            </label>                                    <a class="add_button" title="Más" href="javascript:void(0);">+</a>                    <a class="added_tick" title="Cambiar unidades" href="javascript:void(0);"></a>                            </div>                                                <div class="article_pum">                        <span>     39,87€/Kilo</span>                    </div>                                                                            <a data-product-id="124316" class="orange_button btn_add2cart" title="Añadir al carrito" onclick="dataLayer.push({event: 'event_gtm',category:'acciones usuario', action:'a�adir producto desde listado'})" href="javascript:addToCartFromItemList('124316')">AÑADIR AL CARRITO &gt;</a>                                        <span class="added_button">En carrito</span>                                    <a class="white_button" title="Añadir a mi lista" href="javascript:addToListFromItemList('124316')" onclick="dataLayer.push({event: 'event_gtm',category:'acciones usuario', action:'a�adir producto a lista'});">Añadir a mi lista</a>                                </div>                    <a class="article_link" title="Ver ficha de PIMENTÓN PICANTE AHUMADO DANI 75 G" href="/PIMENTON-PICANTE-AHUMADO-DANI-75-G_124316_prd_es_ES.jsp" onclick="javascript:callingTaggingEnpoints('')" itemprop="url"></a>                <div class="hover_container">            <div class="hover">                <div class="info_symbol"></div>            </div>        </div>                    </article>            </li>        <!--    </ul> --><!--    <ul id="carousel_articles" class="articles_list" itemscope="" itemtype="http://schema.org/ItemList"> -->                    <li class="article" itemprop="itemListElement" itemscope="" itemtype="http://schema.org/Product">                    <article class="article_container" id="item_description_124308">            <a class="article_name" title="Ver ficha de SAZONADOR PARA BARBACOA DANI 250 G" href="/SAZONADOR-PARA-BARBACOA-DANI-250-G_124308_prd_es_ES.jsp" itemprop="url"><span itemprop="name" id="description_text">SAZONADOR PARA BARBACOA DANI 250 G</span></a>            <!--informacion de gluten y calorias -->        <div class="info_container">                                                            <img class="info_icon" alt="10% Descuento para suscriptores Condisline Prime" src="//static.condisline.com/resize_39x39/images/product_icons/icon_subscription.png" width="39" height="39">                                            <a class="info" title="10% Descuento para suscriptores Condisline Prime" href="javascript:void(0);">                            <span class="info_text">10% Descuento para suscriptores Condisline Prime</span>                        </a>                                                        </div>        <img class="article_image" alt="SAZONADOR PARA BARBACOA DANI 250 G" data-original="//static.condisline.com/resize_190x200/images/catalog/large/124308.jpg" src="//static.condisline.com/resize_190x200/images/catalog/large/124308.jpg" width="190" height="200" style="display: block;">        <meta itemprop="image" content="//static.condisline.com/resize_190x200/images/catalog/large/124308.jpg">        <div class="article_price_container" itemprop="offers" itemscope="" itemtype="http://schema.org/Offer">            <!-- Price -->                                            <span class="article_price" itemprop="price"><span id="list_price_124308">6,29</span></span>                <span class="currency">€</span>                <script>                    formatNumber('6.29', 'list_price_124308');                </script>                        <meta itemprop="priceCurrency" content="EUR">            <div class="unit_container">                                    <a class="substract_button" title="Menos" href="javascript:void(0);">-</a>                                <label class="quantity_container">                                                                        <input class="input_quantity_product" id="item_quantity_124308" type="number" data-product="124308" value="" min="1" max="999" required="" autocomplete="off">                                                            </label>                                    <a class="add_button" title="Más" href="javascript:void(0);">+</a>                    <a class="added_tick" title="Cambiar unidades" href="javascript:void(0);"></a>                            </div>                                                <div class="article_pum">                        <span>     25,16€/Kilo</span>                    </div>                                                                            <a data-product-id="124308" class="orange_button btn_add2cart" title="Añadir al carrito" onclick="dataLayer.push({event: 'event_gtm',category:'acciones usuario', action:'a�adir producto desde listado'})" href="javascript:addToCartFromItemList('124308')">AÑADIR AL CARRITO &gt;</a>                                        <span class="added_button">En carrito</span>                                    <a class="white_button" title="Añadir a mi lista" href="javascript:addToListFromItemList('124308')" onclick="dataLayer.push({event: 'event_gtm',category:'acciones usuario', action:'a�adir producto a lista'});">Añadir a mi lista</a>                                </div>                    <a class="article_link" title="Ver ficha de SAZONADOR PARA BARBACOA DANI 250 G" href="/SAZONADOR-PARA-BARBACOA-DANI-250-G_124308_prd_es_ES.jsp" onclick="javascript:callingTaggingEnpoints('')" itemprop="url"></a>                <div class="hover_container">            <div class="hover">                <div class="info_symbol"></div>            </div>        </div>                    </article>            </li>                    <li class="article" itemprop="itemListElement" itemscope="" itemtype="http://schema.org/Product">                    <article class="article_container" id="item_description_124306">            <a class="article_name" title="Ver ficha de TOMILLO HOJA DANI BOLSA 40 G" href="/TOMILLO-HOJA-DANI-BOLSA-40-G_124306_prd_es_ES.jsp" itemprop="url"><span itemprop="name" id="description_text">TOMILLO HOJA DANI BOLSA 40 G</span></a>            <!--informacion de gluten y calorias -->        <div class="info_container">                                                            <img class="info_icon" alt="10% Descuento para suscriptores Condisline Prime" src="//static.condisline.com/resize_39x39/images/product_icons/icon_subscription.png" width="39" height="39">                                            <a class="info" title="10% Descuento para suscriptores Condisline Prime" href="javascript:void(0);">                            <span class="info_text">10% Descuento para suscriptores Condisline Prime</span>                        </a>                                                        </div>        <img class="article_image" alt="TOMILLO HOJA DANI BOLSA 40 G" data-original="//static.condisline.com/resize_190x200/images/catalog/large/124306.jpg" src="//static.condisline.com/resize_190x200/images/catalog/large/124306.jpg" width="190" height="200" style="display: block;">        <meta itemprop="image" content="//static.condisline.com/resize_190x200/images/catalog/large/124306.jpg">        <div class="article_price_container" itemprop="offers" itemscope="" itemtype="http://schema.org/Offer">            <!-- Price -->                                            <span class="article_price" itemprop="price"><span id="list_price_124306">1,99</span></span>                <span class="currency">€</span>                <script>                    formatNumber('1.99', 'list_price_124306');                </script>                        <meta itemprop="priceCurrency" content="EUR">            <div class="unit_container">                                    <a class="substract_button" title="Menos" href="javascript:void(0);">-</a>                                <label class="quantity_container">                                                                        <input class="input_quantity_product" id="item_quantity_124306" type="number" data-product="124306" value="" min="1" max="999" required="" autocomplete="off">                                                            </label>                                    <a class="add_button" title="Más" href="javascript:void(0);">+</a>                    <a class="added_tick" title="Cambiar unidades" href="javascript:void(0);"></a>                            </div>                                                <div class="article_pum">                        <span>     49,75€/Kilo</span>                    </div>                                                                            <a data-product-id="124306" class="orange_button btn_add2cart" title="Añadir al carrito" onclick="dataLayer.push({event: 'event_gtm',category:'acciones usuario', action:'a�adir producto desde listado'})" href="javascript:addToCartFromItemList('124306')">AÑADIR AL CARRITO &gt;</a>                                        <span class="added_button">En carrito</span>                                    <a class="white_button" title="Añadir a mi lista" href="javascript:addToListFromItemList('124306')" onclick="dataLayer.push({event: 'event_gtm',category:'acciones usuario', action:'a�adir producto a lista'});">Añadir a mi lista</a>                                </div>                    <a class="article_link" title="Ver ficha de TOMILLO HOJA DANI BOLSA 40 G" href="/TOMILLO-HOJA-DANI-BOLSA-40-G_124306_prd_es_ES.jsp" onclick="javascript:callingTaggingEnpoints('')" itemprop="url"></a>                <div class="hover_container">            <div class="hover">                <div class="info_symbol"></div>            </div>        </div>                    </article>            </li>                    <li class="article" itemprop="itemListElement" itemscope="" itemtype="http://schema.org/Product">                    <article class="article_container" id="item_description_124172">            <a class="article_name" title="Ver ficha de PREPARADO CONDIS PAELLA 45 G" href="/PREPARADO-CONDIS-PAELLA-45-G_124172_prd_es_ES.jsp" itemprop="url"><span itemprop="name" id="description_text">PREPARADO CONDIS PAELLA 45 G</span></a>            <!--informacion de gluten y calorias -->        <div class="info_container">                                                            <img class="info_icon" alt="10% Descuento para suscriptores Condisline Prime" src="//static.condisline.com/resize_39x39/images/product_icons/icon_subscription.png" width="39" height="39">                                            <a class="info" title="10% Descuento para suscriptores Condisline Prime" href="javascript:void(0);">                            <span class="info_text">10% Descuento para suscriptores Condisline Prime</span>                        </a>                                                        <img class="info_icon" alt="Marca propia" src="//static.condisline.com/resize_39x39/images/product_icons/marca_propia.png" width="39" height="39">                                            <a class="info" title="Marca propia" href="javascript:void(0);">                            <span class="info_text">Marca propia</span>                        </a>                                                        </div>        <img class="article_image" alt="PREPARADO CONDIS PAELLA 45 G" data-original="//static.condisline.com/resize_190x200/images/catalog/large/124172.jpg" src="//static.condisline.com/resize_190x200/images/catalog/large/124172.jpg" width="190" height="200" style="display: block;">        <meta itemprop="image" content="//static.condisline.com/resize_190x200/images/catalog/large/124172.jpg">        <div class="article_price_container" itemprop="offers" itemscope="" itemtype="http://schema.org/Offer">            <!-- Price -->                                            <span class="article_price" itemprop="price"><span id="list_price_124172">0,85</span></span>                <span class="currency">€</span>                <script>                    formatNumber('0.85', 'list_price_124172');                </script>                        <meta itemprop="priceCurrency" content="EUR">            <div class="unit_container">                                    <a class="substract_button" title="Menos" href="javascript:void(0);">-</a>                                <label class="quantity_container">                                                                        <input class="input_quantity_product" id="item_quantity_124172" type="number" data-product="124172" value="" min="1" max="999" required="" autocomplete="off">                                                            </label>                                    <a class="add_button" title="Más" href="javascript:void(0);">+</a>                    <a class="added_tick" title="Cambiar unidades" href="javascript:void(0);"></a>                            </div>                                                <div class="article_pum">                        <span>     18,89€/Kilo</span>                    </div>                                                                            <a data-product-id="124172" class="orange_button btn_add2cart" title="Añadir al carrito" onclick="dataLayer.push({event: 'event_gtm',category:'acciones usuario', action:'a�adir producto desde listado'})" href="javascript:addToCartFromItemList('124172')">AÑADIR AL CARRITO &gt;</a>                                        <span class="added_button">En carrito</span>                                    <a class="white_button" title="Añadir a mi lista" href="javascript:addToListFromItemList('124172')" onclick="dataLayer.push({event: 'event_gtm',category:'acciones usuario', action:'a�adir producto a lista'});">Añadir a mi lista</a>                                </div>                    <a class="article_link" title="Ver ficha de PREPARADO CONDIS PAELLA 45 G" href="/PREPARADO-CONDIS-PAELLA-45-G_124172_prd_es_ES.jsp" onclick="javascript:callingTaggingEnpoints('')" itemprop="url"></a>                <div class="hover_container">            <div class="hover">                <div class="info_symbol"></div>            </div>        </div>                    </article>            </li>                    <li class="article" itemprop="itemListElement" itemscope="" itemtype="http://schema.org/Product">                    <article class="article_container" id="item_description_124321">            <a class="article_name" title="Ver ficha de SAZONADOR SABOR HISPANIA DANI 40 G" href="/SAZONADOR-SABOR-HISPANIA-DANI-40-G_124321_prd_es_ES.jsp" itemprop="url"><span itemprop="name" id="description_text">SAZONADOR SABOR HISPANIA DANI 40 G</span></a>            <!--informacion de gluten y calorias -->        <div class="info_container">                                                            <img class="info_icon" alt="10% Descuento para suscriptores Condisline Prime" src="//static.condisline.com/resize_39x39/images/product_icons/icon_subscription.png" width="39" height="39">                                            <a class="info" title="10% Descuento para suscriptores Condisline Prime" href="javascript:void(0);">                            <span class="info_text">10% Descuento para suscriptores Condisline Prime</span>                        </a>                                                        </div>        <img class="article_image" alt="SAZONADOR SABOR HISPANIA DANI 40 G" data-original="//static.condisline.com/resize_190x200/images/catalog/large/124321.jpg" src="//static.condisline.com/resize_190x200/images/catalog/large/124321.jpg" width="190" height="200" style="display: block;">        <meta itemprop="image" content="//static.condisline.com/resize_190x200/images/catalog/large/124321.jpg">        <div class="article_price_container" itemprop="offers" itemscope="" itemtype="http://schema.org/Offer">            <!-- Price -->                                            <span class="article_price" itemprop="price"><span id="list_price_124321">3,05</span></span>                <span class="currency">€</span>                <script>                    formatNumber('3.05', 'list_price_124321');                </script>                        <meta itemprop="priceCurrency" content="EUR">            <div class="unit_container">                                    <a class="substract_button" title="Menos" href="javascript:void(0);">-</a>                                <label class="quantity_container">                                                                        <input class="input_quantity_product" id="item_quantity_124321" type="number" data-product="124321" value="" min="1" max="999" required="" autocomplete="off">                                                            </label>                                    <a class="add_button" title="Más" href="javascript:void(0);">+</a>                    <a class="added_tick" title="Cambiar unidades" href="javascript:void(0);"></a>                            </div>                                                <div class="article_pum">                        <span>     76,25€/Kilo</span>                    </div>                                                                            <a data-product-id="124321" class="orange_button btn_add2cart" title="Añadir al carrito" onclick="dataLayer.push({event: 'event_gtm',category:'acciones usuario', action:'a�adir producto desde listado'})" href="javascript:addToCartFromItemList('124321')">AÑADIR AL CARRITO &gt;</a>                                        <span class="added_button">En carrito</span>                                    <a class="white_button" title="Añadir a mi lista" href="javascript:addToListFromItemList('124321')" onclick="dataLayer.push({event: 'event_gtm',category:'acciones usuario', action:'a�adir producto a lista'});">Añadir a mi lista</a>                                </div>                    <a class="article_link" title="Ver ficha de SAZONADOR SABOR HISPANIA DANI 40 G" href="/SAZONADOR-SABOR-HISPANIA-DANI-40-G_124321_prd_es_ES.jsp" onclick="javascript:callingTaggingEnpoints('')" itemprop="url"></a>                <div class="hover_container">            <div class="hover">                <div class="info_symbol"></div>            </div>        </div>                    </article>            </li>                    <li class="article" itemprop="itemListElement" itemscope="" itemtype="http://schema.org/Product">                    <article class="article_container" id="item_description_124102">            <a class="article_name" title="Ver ficha de ANÍS EN GRANO DANI 35 G" href="/ANIS-EN-GRANO-DANI-35-G_124102_prd_es_ES.jsp" itemprop="url"><span itemprop="name" id="description_text">ANÍS EN GRANO DANI 35 G</span></a>            <!--informacion de gluten y calorias -->        <div class="info_container">                                                            <img class="info_icon" alt="10% Descuento para suscriptores Condisline Prime" src="//static.condisline.com/resize_39x39/images/product_icons/icon_subscription.png" width="39" height="39">                                            <a class="info" title="10% Descuento para suscriptores Condisline Prime" href="javascript:void(0);">                            <span class="info_text">10% Descuento para suscriptores Condisline Prime</span>                        </a>                                                        </div>        <img class="article_image" alt="ANÍS EN GRANO DANI 35 G" data-original="//static.condisline.com/resize_190x200/images/catalog/large/124102.jpg" src="//static.condisline.com/resize_190x200/images/catalog/large/124102.jpg" width="190" height="200" style="display: block;">        <meta itemprop="image" content="//static.condisline.com/resize_190x200/images/catalog/large/124102.jpg">        <div class="article_price_container" itemprop="offers" itemscope="" itemtype="http://schema.org/Offer">            <!-- Price -->                                            <span class="article_price" itemprop="price"><span id="list_price_124102">1,39</span></span>                <span class="currency">€</span>                <script>                    formatNumber('1.39', 'list_price_124102');                </script>                        <meta itemprop="priceCurrency" content="EUR">            <div class="unit_container">                                    <a class="substract_button" title="Menos" href="javascript:void(0);">-</a>                                <label class="quantity_container">                                                                        <input class="input_quantity_product" id="item_quantity_124102" type="number" data-product="124102" value="" min="1" max="999" required="" autocomplete="off">                                                            </label>                                    <a class="add_button" title="Más" href="javascript:void(0);">+</a>                    <a class="added_tick" title="Cambiar unidades" href="javascript:void(0);"></a>                            </div>                                                <div class="article_pum">                        <span>     39,71€/Kilo</span>                    </div>                                                                            <a data-product-id="124102" class="orange_button btn_add2cart" title="Añadir al carrito" onclick="dataLayer.push({event: 'event_gtm',category:'acciones usuario', action:'a�adir producto desde listado'})" href="javascript:addToCartFromItemList('124102')">AÑADIR AL CARRITO &gt;</a>                                        <span class="added_button">En carrito</span>                                    <a class="white_button" title="Añadir a mi lista" href="javascript:addToListFromItemList('124102')" onclick="dataLayer.push({event: 'event_gtm',category:'acciones usuario', action:'a�adir producto a lista'});">Añadir a mi lista</a>                                </div>                    <a class="article_link" title="Ver ficha de ANÍS EN GRANO DANI 35 G" href="/ANIS-EN-GRANO-DANI-35-G_124102_prd_es_ES.jsp" onclick="javascript:callingTaggingEnpoints('')" itemprop="url"></a>                <div class="hover_container">            <div class="hover">                <div class="info_symbol"></div>            </div>        </div>                    </article>            </li>                    <li class="article" itemprop="itemListElement" itemscope="" itemtype="http://schema.org/Product">                    <article class="article_container" id="item_description_119010">            <a class="article_name" title="Ver ficha de PREPARADO PARA REBOZADO DANI SIN GLUTEN 470 G" href="/PREPARADO-PARA-REBOZADO-DANI-SIN-GLUTEN-470-G_119010_prd_es_ES.jsp" itemprop="url"><span itemprop="name" id="description_text">PREPARADO PARA REBOZADO DANI SIN GLUTEN 470 G</span></a>            <!--informacion de gluten y calorias -->        <div class="info_container">                            <span class="calories">320 <span>kcal</span></span>                <a class="info" title="Producto con 320 kilocalorías" href="javascript:void(0);">                    <span class="info_text">Producto con 320 kilocalorías.</span>                </a>                                                            <img class="info_icon" alt="10% Descuento para suscriptores Condisline Prime" src="//static.condisline.com/resize_39x39/images/product_icons/icon_subscription.png" width="39" height="39">                                            <a class="info" title="10% Descuento para suscriptores Condisline Prime" href="javascript:void(0);">                            <span class="info_text">10% Descuento para suscriptores Condisline Prime</span>                        </a>                                                        <img class="info_icon" alt="Producto sin gluten" src="//static.condisline.com/resize_39x39/images/product_icons/no_gluten.png" width="39" height="39">                                            <a class="info" title="Producto sin gluten" href="javascript:void(0);">                            <span class="info_text">Producto sin gluten</span>                        </a>                                                        </div>        <img class="article_image" alt="PREPARADO PARA REBOZADO DANI SIN GLUTEN 470 G" data-original="//static.condisline.com/resize_190x200/images/catalog/large/119010.jpg" src="//static.condisline.com/resize_190x200/images/catalog/large/119010.jpg" width="190" height="200" style="display: block;">        <meta itemprop="image" content="//static.condisline.com/resize_190x200/images/catalog/large/119010.jpg">        <div class="article_price_container" itemprop="offers" itemscope="" itemtype="http://schema.org/Offer">            <!-- Price -->                                            <span class="article_price" itemprop="price"><span id="list_price_119010">4,95</span></span>                <span class="currency">€</span>                <script>                    formatNumber('4.95', 'list_price_119010');                </script>                        <meta itemprop="priceCurrency" content="EUR">            <div class="unit_container">                                    <a class="substract_button" title="Menos" href="javascript:void(0);">-</a>                                <label class="quantity_container">                                                                        <input class="input_quantity_product" id="item_quantity_119010" type="number" data-product="119010" value="" min="1" max="999" required="" autocomplete="off">                                                            </label>                                    <a class="add_button" title="Más" href="javascript:void(0);">+</a>                    <a class="added_tick" title="Cambiar unidades" href="javascript:void(0);"></a>                            </div>                                                <div class="article_pum">                        <span>     10,53€/Kilo</span>                    </div>                                                                            <a data-product-id="119010" class="orange_button btn_add2cart" title="Añadir al carrito" onclick="dataLayer.push({event: 'event_gtm',category:'acciones usuario', action:'a�adir producto desde listado'})" href="javascript:addToCartFromItemList('119010')">AÑADIR AL CARRITO &gt;</a>                                        <span class="added_button">En carrito</span>                                    <a class="white_button" title="Añadir a mi lista" href="javascript:addToListFromItemList('119010')" onclick="dataLayer.push({event: 'event_gtm',category:'acciones usuario', action:'a�adir producto a lista'});">Añadir a mi lista</a>                                </div>                    <a class="article_link" title="Ver ficha de PREPARADO PARA REBOZADO DANI SIN GLUTEN 470 G" href="/PREPARADO-PARA-REBOZADO-DANI-SIN-GLUTEN-470-G_119010_prd_es_ES.jsp" onclick="javascript:callingTaggingEnpoints('')" itemprop="url"></a>                <div class="hover_container">            <div class="hover">                <div class="info_symbol"></div>            </div>        </div>                    </article>            </li>                    <li class="article" itemprop="itemListElement" itemscope="" itemtype="http://schema.org/Product">                    <article class="article_container" id="item_description_124135">            <a class="article_name" title="Ver ficha de SAL DE AJO DANI 100 G" href="/SAL-DE-AJO-DANI-100-G_124135_prd_es_ES.jsp" itemprop="url"><span itemprop="name" id="description_text">SAL DE AJO DANI 100 G</span></a>            <!--informacion de gluten y calorias -->        <div class="info_container">                                                            <img class="info_icon" alt="10% Descuento para suscriptores Condisline Prime" src="//static.condisline.com/resize_39x39/images/product_icons/icon_subscription.png" width="39" height="39">                                            <a class="info" title="10% Descuento para suscriptores Condisline Prime" href="javascript:void(0);">                            <span class="info_text">10% Descuento para suscriptores Condisline Prime</span>                        </a>                                                        </div>        <img class="article_image" alt="SAL DE AJO DANI 100 G" data-original="//static.condisline.com/resize_190x200/images/catalog/large/124135.jpg" src="//static.condisline.com/resize_190x200/images/catalog/large/124135.jpg" width="190" height="200" style="display: block;">        <meta itemprop="image" content="//static.condisline.com/resize_190x200/images/catalog/large/124135.jpg">        <div class="article_price_container" itemprop="offers" itemscope="" itemtype="http://schema.org/Offer">            <!-- Price -->                                            <span class="article_price" itemprop="price"><span id="list_price_124135">1,55</span></span>                <span class="currency">€</span>                <script>                    formatNumber('1.55', 'list_price_124135');                </script>                        <meta itemprop="priceCurrency" content="EUR">            <div class="unit_container">                                    <a class="substract_button" title="Menos" href="javascript:void(0);">-</a>                                <label class="quantity_container">                                                                        <input class="input_quantity_product" id="item_quantity_124135" type="number" data-product="124135" value="" min="1" max="999" required="" autocomplete="off">                                                            </label>                                    <a class="add_button" title="Más" href="javascript:void(0);">+</a>                    <a class="added_tick" title="Cambiar unidades" href="javascript:void(0);"></a>                            </div>                                                <div class="article_pum">                        <span>     15,50€/Kilo</span>                    </div>                                                                            <a data-product-id="124135" class="orange_button btn_add2cart" title="Añadir al carrito" onclick="dataLayer.push({event: 'event_gtm',category:'acciones usuario', action:'a�adir producto desde listado'})" href="javascript:addToCartFromItemList('124135')">AÑADIR AL CARRITO &gt;</a>                                        <span class="added_button">En carrito</span>                                    <a class="white_button" title="Añadir a mi lista" href="javascript:addToListFromItemList('124135')" onclick="dataLayer.push({event: 'event_gtm',category:'acciones usuario', action:'a�adir producto a lista'});">Añadir a mi lista</a>                                </div>                    <a class="article_link" title="Ver ficha de SAL DE AJO DANI 100 G" href="/SAL-DE-AJO-DANI-100-G_124135_prd_es_ES.jsp" onclick="javascript:callingTaggingEnpoints('')" itemprop="url"></a>                <div class="hover_container">            <div class="hover">                <div class="info_symbol"></div>            </div>        </div>                    </article>            </li>                    <li class="article" itemprop="itemListElement" itemscope="" itemtype="http://schema.org/Product">                    <article class="article_container" id="item_description_124320">            <a class="article_name" title="Ver ficha de SAZONADOR SABOR THAILANDIA DANI 45 G" href="/SAZONADOR-SABOR-THAILANDIA-DANI-45-G_124320_prd_es_ES.jsp" itemprop="url"><span itemprop="name" id="description_text">SAZONADOR SABOR THAILANDIA DANI 45 G</span></a>            <!--informacion de gluten y calorias -->        <div class="info_container">                                                            <img class="info_icon" alt="10% Descuento para suscriptores Condisline Prime" src="//static.condisline.com/resize_39x39/images/product_icons/icon_subscription.png" width="39" height="39">                                            <a class="info" title="10% Descuento para suscriptores Condisline Prime" href="javascript:void(0);">                            <span class="info_text">10% Descuento para suscriptores Condisline Prime</span>                        </a>                                                        </div>        <img class="article_image" alt="SAZONADOR SABOR THAILANDIA DANI 45 G" data-original="//static.condisline.com/resize_190x200/images/catalog/large/124320.jpg" src="//static.condisline.com/resize_190x200/images/catalog/large/124320.jpg" width="190" height="200" style="display: block;">        <meta itemprop="image" content="//static.condisline.com/resize_190x200/images/catalog/large/124320.jpg">        <div class="article_price_container" itemprop="offers" itemscope="" itemtype="http://schema.org/Offer">            <!-- Price -->                                            <span class="article_price" itemprop="price"><span id="list_price_124320">3,19</span></span>                <span class="currency">€</span>                <script>                    formatNumber('3.19', 'list_price_124320');                </script>                        <meta itemprop="priceCurrency" content="EUR">            <div class="unit_container">                                    <a class="substract_button" title="Menos" href="javascript:void(0);">-</a>                                <label class="quantity_container">                                                                        <input class="input_quantity_product" id="item_quantity_124320" type="number" data-product="124320" value="" min="1" max="999" required="" autocomplete="off">                                                            </label>                                    <a class="add_button" title="Más" href="javascript:void(0);">+</a>                    <a class="added_tick" title="Cambiar unidades" href="javascript:void(0);"></a>                            </div>                                                <div class="article_pum">                        <span>     70,89€/Kilo</span>                    </div>                                                                            <a data-product-id="124320" class="orange_button btn_add2cart" title="Añadir al carrito" onclick="dataLayer.push({event: 'event_gtm',category:'acciones usuario', action:'a�adir producto desde listado'})" href="javascript:addToCartFromItemList('124320')">AÑADIR AL CARRITO &gt;</a>                                        <span class="added_button">En carrito</span>                                    <a class="white_button" title="Añadir a mi lista" href="javascript:addToListFromItemList('124320')" onclick="dataLayer.push({event: 'event_gtm',category:'acciones usuario', action:'a�adir producto a lista'});">Añadir a mi lista</a>                                </div>                    <a class="article_link" title="Ver ficha de SAZONADOR SABOR THAILANDIA DANI 45 G" href="/SAZONADOR-SABOR-THAILANDIA-DANI-45-G_124320_prd_es_ES.jsp" onclick="javascript:callingTaggingEnpoints('')" itemprop="url"></a>                <div class="hover_container">            <div class="hover">                <div class="info_symbol"></div>            </div>        </div>                    </article>            </li>                    <li class="article" itemprop="itemListElement" itemscope="" itemtype="http://schema.org/Product">                    <article class="article_container" id="item_description_116339">            <a class="article_name" title="Ver ficha de SALSA ZANUY CHEDDAR CHEESE 200 G" href="/SALSA-ZANUY-CHEDDAR-CHEESE-200-G_116339_prd_es_ES.jsp" itemprop="url"><span itemprop="name" id="description_text">SALSA ZANUY CHEDDAR CHEESE 200 G</span></a>            <!--informacion de gluten y calorias -->        <div class="info_container">                            <span class="calories">168 <span>kcal</span></span>                <a class="info" title="Producto con 168 kilocalorías" href="javascript:void(0);">                    <span class="info_text">Producto con 168 kilocalorías.</span>                </a>                                                            <img class="info_icon" alt="10% Descuento para suscriptores Condisline Prime" src="//static.condisline.com/resize_39x39/images/product_icons/icon_subscription.png" width="39" height="39">                                            <a class="info" title="10% Descuento para suscriptores Condisline Prime" href="javascript:void(0);">                            <span class="info_text">10% Descuento para suscriptores Condisline Prime</span>                        </a>                                                        <img class="info_icon" alt="Producto sin gluten" src="//static.condisline.com/resize_39x39/images/product_icons/no_gluten.png" width="39" height="39">                                            <a class="info" title="Producto sin gluten" href="javascript:void(0);">                            <span class="info_text">Producto sin gluten</span>                        </a>                                                        </div>        <img class="article_image" alt="SALSA ZANUY CHEDDAR CHEESE 200 G" data-original="//static.condisline.com/resize_190x200/images/catalog/large/116339.jpg" src="//static.condisline.com/resize_190x200/images/catalog/large/116339.jpg" width="190" height="200" style="display: block;">        <meta itemprop="image" content="//static.condisline.com/resize_190x200/images/catalog/large/116339.jpg">        <div class="article_price_container" itemprop="offers" itemscope="" itemtype="http://schema.org/Offer">            <!-- Price -->                                            <span class="article_price" itemprop="price"><span id="list_price_116339">1,99</span></span>                <span class="currency">€</span>                <script>                    formatNumber('1.99', 'list_price_116339');                </script>                        <meta itemprop="priceCurrency" content="EUR">            <div class="unit_container">                                    <a class="substract_button" title="Menos" href="javascript:void(0);">-</a>                                <label class="quantity_container">                                                                        <input class="input_quantity_product" id="item_quantity_116339" type="number" data-product="116339" value="" min="1" max="999" required="" autocomplete="off">                                                            </label>                                    <a class="add_button" title="Más" href="javascript:void(0);">+</a>                    <a class="added_tick" title="Cambiar unidades" href="javascript:void(0);"></a>                            </div>                                                <div class="article_pum">                        <span>      9,95€/Kilo</span>                    </div>                                                                            <a data-product-id="116339" class="orange_button btn_add2cart" title="Añadir al carrito" onclick="dataLayer.push({event: 'event_gtm',category:'acciones usuario', action:'a�adir producto desde listado'})" href="javascript:addToCartFromItemList('116339')">AÑADIR AL CARRITO &gt;</a>                                        <span class="added_button">En carrito</span>                                    <a class="white_button" title="Añadir a mi lista" href="javascript:addToListFromItemList('116339')" onclick="dataLayer.push({event: 'event_gtm',category:'acciones usuario', action:'a�adir producto a lista'});">Añadir a mi lista</a>                                </div>                    <a class="article_link" title="Ver ficha de SALSA ZANUY CHEDDAR CHEESE 200 G" href="/SALSA-ZANUY-CHEDDAR-CHEESE-200-G_116339_prd_es_ES.jsp" onclick="javascript:callingTaggingEnpoints('')" itemprop="url"></a>                <div class="hover_container">            <div class="hover">                <div class="info_symbol"></div>            </div>        </div>                    </article>            </li>                    <li class="article" itemprop="itemListElement" itemscope="" itemtype="http://schema.org/Product">                    <article class="article_container" id="item_description_110500">            <a class="article_name" title="Ver ficha de SALSA CUCINA ANT ALLA ZINGARA 190 G" href="/SALSA-CUCINA-ANT-ALLA-ZINGARA-190-G_110500_prd_es_ES.jsp" itemprop="url"><span itemprop="name" id="description_text">SALSA CUCINA ANT ALLA ZINGARA 190 G</span></a>            <!--informacion de gluten y calorias -->        <div class="info_container">                                                            <img class="info_icon" alt="10% Descuento para suscriptores Condisline Prime" src="//static.condisline.com/resize_39x39/images/product_icons/icon_subscription.png" width="39" height="39">                                            <a class="info" title="10% Descuento para suscriptores Condisline Prime" href="javascript:void(0);">                            <span class="info_text">10% Descuento para suscriptores Condisline Prime</span>                        </a>                                                        </div>        <img class="article_image" alt="SALSA CUCINA ANT ALLA ZINGARA 190 G" data-original="//static.condisline.com/resize_190x200/images/catalog/large/110500.jpg" src="//static.condisline.com/resize_190x200/images/catalog/large/110500.jpg" width="190" height="200" style="display: block;">        <meta itemprop="image" content="//static.condisline.com/resize_190x200/images/catalog/large/110500.jpg">        <div class="article_price_container" itemprop="offers" itemscope="" itemtype="http://schema.org/Offer">            <!-- Price -->                                            <span class="article_price" itemprop="price"><span id="list_price_110500">2,75</span></span>                <span class="currency">€</span>                <script>                    formatNumber('2.75', 'list_price_110500');                </script>                        <meta itemprop="priceCurrency" content="EUR">            <div class="unit_container">                                    <a class="substract_button" title="Menos" href="javascript:void(0);">-</a>                                <label class="quantity_container">                                                                        <input class="input_quantity_product" id="item_quantity_110500" type="number" data-product="110500" value="" min="1" max="999" required="" autocomplete="off">                                                            </label>                                    <a class="add_button" title="Más" href="javascript:void(0);">+</a>                    <a class="added_tick" title="Cambiar unidades" href="javascript:void(0);"></a>                            </div>                                                <div class="article_pum">                        <span>     14,47€/Kilo</span>                    </div>                                                                            <a data-product-id="110500" class="orange_button btn_add2cart" title="Añadir al carrito" onclick="dataLayer.push({event: 'event_gtm',category:'acciones usuario', action:'a�adir producto desde listado'})" href="javascript:addToCartFromItemList('110500')">AÑADIR AL CARRITO &gt;</a>                                        <span class="added_button">En carrito</span>                                    <a class="white_button" title="Añadir a mi lista" href="javascript:addToListFromItemList('110500')" onclick="dataLayer.push({event: 'event_gtm',category:'acciones usuario', action:'a�adir producto a lista'});">Añadir a mi lista</a>                                </div>                    <a class="article_link" title="Ver ficha de SALSA CUCINA ANT ALLA ZINGARA 190 G" href="/SALSA-CUCINA-ANT-ALLA-ZINGARA-190-G_110500_prd_es_ES.jsp" onclick="javascript:callingTaggingEnpoints('')" itemprop="url"></a>                <div class="hover_container">            <div class="hover">                <div class="info_symbol"></div>            </div>        </div>                    </article>            </li>                    <li class="article" itemprop="itemListElement" itemscope="" itemtype="http://schema.org/Product">                    <article class="article_container" id="item_description_110498">            <a class="article_name" title="Ver ficha de SPAGHETTINA CUCINA ANT AL BASILICO 230 G" href="/SPAGHETTINA-CUCINA-ANT-AL-BASILICO-230-G_110498_prd_es_ES.jsp" itemprop="url"><span itemprop="name" id="description_text">SPAGHETTINA CUCINA ANT AL BASILICO 230 G</span></a>            <!--informacion de gluten y calorias -->        <div class="info_container">                                                            <img class="info_icon" alt="10% Descuento para suscriptores Condisline Prime" src="//static.condisline.com/resize_39x39/images/product_icons/icon_subscription.png" width="39" height="39">                                            <a class="info" title="10% Descuento para suscriptores Condisline Prime" href="javascript:void(0);">                            <span class="info_text">10% Descuento para suscriptores Condisline Prime</span>                        </a>                                                        </div>        <img class="article_image" alt="SPAGHETTINA CUCINA ANT AL BASILICO 230 G" data-original="//static.condisline.com/resize_190x200/images/catalog/large/110498.jpg" src="//static.condisline.com/resize_190x200/images/catalog/large/110498.jpg" width="190" height="200" style="display: block;">        <meta itemprop="image" content="//static.condisline.com/resize_190x200/images/catalog/large/110498.jpg">        <div class="article_price_container" itemprop="offers" itemscope="" itemtype="http://schema.org/Offer">            <!-- Price -->                                            <span class="article_price" itemprop="price"><span id="list_price_110498">2,65</span></span>                <span class="currency">€</span>                <script>                    formatNumber('2.65', 'list_price_110498');                </script>                        <meta itemprop="priceCurrency" content="EUR">            <div class="unit_container">                                    <a class="substract_button" title="Menos" href="javascript:void(0);">-</a>                                <label class="quantity_container">                                                                        <input class="input_quantity_product" id="item_quantity_110498" type="number" data-product="110498" value="" min="1" max="999" required="" autocomplete="off">                                                            </label>                                    <a class="add_button" title="Más" href="javascript:void(0);">+</a>                    <a class="added_tick" title="Cambiar unidades" href="javascript:void(0);"></a>                            </div>                                                <div class="article_pum">                        <span>     11,52€/Kilo</span>                    </div>                                                                            <a data-product-id="110498" class="orange_button btn_add2cart" title="Añadir al carrito" onclick="dataLayer.push({event: 'event_gtm',category:'acciones usuario', action:'a�adir producto desde listado'})" href="javascript:addToCartFromItemList('110498')">AÑADIR AL CARRITO &gt;</a>                                        <span class="added_button">En carrito</span>                                    <a class="white_button" title="Añadir a mi lista" href="javascript:addToListFromItemList('110498')" onclick="dataLayer.push({event: 'event_gtm',category:'acciones usuario', action:'a�adir producto a lista'});">Añadir a mi lista</a>                                </div>                    <a class="article_link" title="Ver ficha de SPAGHETTINA CUCINA ANT AL BASILICO 230 G" href="/SPAGHETTINA-CUCINA-ANT-AL-BASILICO-230-G_110498_prd_es_ES.jsp" onclick="javascript:callingTaggingEnpoints('')" itemprop="url"></a>                <div class="hover_container">            <div class="hover">                <div class="info_symbol"></div>            </div>        </div>                    </article>            </li>                    <li class="article" itemprop="itemListElement" itemscope="" itemtype="http://schema.org/Product">                    <article class="article_container" id="item_description_110478">            <a class="article_name" title="Ver ficha de ALLIOLI CASA AMELL BIO VEGANO 180 G" href="/ALLIOLI-CASA-AMELL-BIO-VEGANO-180-G_110478_prd_es_ES.jsp" itemprop="url"><span itemprop="name" id="description_text">ALLIOLI CASA AMELL BIO VEGANO 180 G</span></a>            <!--informacion de gluten y calorias -->        <div class="info_container">                                                            <img class="info_icon" alt="10% Descuento para suscriptores Condisline Prime" src="//static.condisline.com/resize_39x39/images/product_icons/icon_subscription.png" width="39" height="39">                                            <a class="info" title="10% Descuento para suscriptores Condisline Prime" href="javascript:void(0);">                            <span class="info_text">10% Descuento para suscriptores Condisline Prime</span>                        </a>                                                        <img class="info_icon" alt="Producto ecológico" src="//static.condisline.com/resize_39x39/images/product_icons/icon_eco.jpg" width="39" height="39">                                            <a class="info" title="Producto ecológico" href="javascript:void(0);">                            <span class="info_text">Producto ecológico</span>                        </a>                                                        </div>        <img class="article_image" alt="ALLIOLI CASA AMELL BIO VEGANO 180 G" data-original="//static.condisline.com/resize_190x200/images/catalog/large/110478.jpg" src="//static.condisline.com/resize_190x200/images/catalog/large/110478.jpg" width="190" height="200" style="display: block;">        <meta itemprop="image" content="//static.condisline.com/resize_190x200/images/catalog/large/110478.jpg">        <div class="article_price_container" itemprop="offers" itemscope="" itemtype="http://schema.org/Offer">            <!-- Price -->                                            <span class="article_price" itemprop="price"><span id="list_price_110478">2,79</span></span>                <span class="currency">€</span>                <script>                    formatNumber('2.79', 'list_price_110478');                </script>                        <meta itemprop="priceCurrency" content="EUR">            <div class="unit_container">                                    <a class="substract_button" title="Menos" href="javascript:void(0);">-</a>                                <label class="quantity_container">                                                                        <input class="input_quantity_product" id="item_quantity_110478" type="number" data-product="110478" value="" min="1" max="999" required="" autocomplete="off">                                                            </label>                                    <a class="add_button" title="Más" href="javascript:void(0);">+</a>                    <a class="added_tick" title="Cambiar unidades" href="javascript:void(0);"></a>                            </div>                                                <div class="article_pum">                        <span>     15,50€/Kilo</span>                    </div>                                                                            <a data-product-id="110478" class="orange_button btn_add2cart" title="Añadir al carrito" onclick="dataLayer.push({event: 'event_gtm',category:'acciones usuario', action:'a�adir producto desde listado'})" href="javascript:addToCartFromItemList('110478')">AÑADIR AL CARRITO &gt;</a>                                        <span class="added_button">En carrito</span>                                    <a class="white_button" title="Añadir a mi lista" href="javascript:addToListFromItemList('110478')" onclick="dataLayer.push({event: 'event_gtm',category:'acciones usuario', action:'a�adir producto a lista'});">Añadir a mi lista</a>                                </div>                    <a class="article_link" title="Ver ficha de ALLIOLI CASA AMELL BIO VEGANO 180 G" href="/ALLIOLI-CASA-AMELL-BIO-VEGANO-180-G_110478_prd_es_ES.jsp" onclick="javascript:callingTaggingEnpoints('')" itemprop="url"></a>                <div class="hover_container">            <div class="hover">                <div class="info_symbol"></div>            </div>        </div>                    </article>            </li>                    <li class="article" itemprop="itemListElement" itemscope="" itemtype="http://schema.org/Product">                    <article class="article_container" id="item_description_110494">            <a class="article_name" title="Ver ficha de PESTO CUCINA ANT ALLA GENOVESE 180 G" href="/PESTO-CUCINA-ANT-ALLA-GENOVESE-180-G_110494_prd_es_ES.jsp" itemprop="url"><span itemprop="name" id="description_text">PESTO CUCINA ANT ALLA GENOVESE 180 G</span></a>            <!--informacion de gluten y calorias -->        <div class="info_container">                                                            <img class="info_icon" alt="10% Descuento para suscriptores Condisline Prime" src="//static.condisline.com/resize_39x39/images/product_icons/icon_subscription.png" width="39" height="39">                                            <a class="info" title="10% Descuento para suscriptores Condisline Prime" href="javascript:void(0);">                            <span class="info_text">10% Descuento para suscriptores Condisline Prime</span>                        </a>                                                        </div>        <img class="article_image" alt="PESTO CUCINA ANT ALLA GENOVESE 180 G" data-original="//static.condisline.com/resize_190x200/images/catalog/large/110494.jpg" src="//static.condisline.com/resize_190x200/images/catalog/large/110494.jpg" width="190" height="200" style="display: block;">        <meta itemprop="image" content="//static.condisline.com/resize_190x200/images/catalog/large/110494.jpg">        <div class="article_price_container" itemprop="offers" itemscope="" itemtype="http://schema.org/Offer">            <!-- Price -->                                            <span class="article_price" itemprop="price"><span id="list_price_110494">3,89</span></span>                <span class="currency">€</span>                <script>                    formatNumber('3.89', 'list_price_110494');                </script>                        <meta itemprop="priceCurrency" content="EUR">            <div class="unit_container">                                    <a class="substract_button" title="Menos" href="javascript:void(0);">-</a>                                <label class="quantity_container">                                                                        <input class="input_quantity_product" id="item_quantity_110494" type="number" data-product="110494" value="" min="1" max="999" required="" autocomplete="off">                                                            </label>                                    <a class="add_button" title="Más" href="javascript:void(0);">+</a>                    <a class="added_tick" title="Cambiar unidades" href="javascript:void(0);"></a>                            </div>                                                <div class="article_pum">                        <span>     21,61€/Kilo</span>                    </div>                                                                            <a data-product-id="110494" class="orange_button btn_add2cart" title="Añadir al carrito" onclick="dataLayer.push({event: 'event_gtm',category:'acciones usuario', action:'a�adir producto desde listado'})" href="javascript:addToCartFromItemList('110494')">AÑADIR AL CARRITO &gt;</a>                                        <span class="added_button">En carrito</span>                                    <a class="white_button" title="Añadir a mi lista" href="javascript:addToListFromItemList('110494')" onclick="dataLayer.push({event: 'event_gtm',category:'acciones usuario', action:'a�adir producto a lista'});">Añadir a mi lista</a>                                </div>                    <a class="article_link" title="Ver ficha de PESTO CUCINA ANT ALLA GENOVESE 180 G" href="/PESTO-CUCINA-ANT-ALLA-GENOVESE-180-G_110494_prd_es_ES.jsp" onclick="javascript:callingTaggingEnpoints('')" itemprop="url"></a>                <div class="hover_container">            <div class="hover">                <div class="info_symbol"></div>            </div>        </div>                    </article>            </li>                    <li class="article" itemprop="itemListElement" itemscope="" itemtype="http://schema.org/Product">                    <article class="article_container" id="item_description_110477">            <a class="article_name" title="Ver ficha de MAYOFABA CASA AMELL BIO VEGANA 180 G" href="/MAYOFABA-CASA-AMELL-BIO-VEGANA-180-G_110477_prd_es_ES.jsp" itemprop="url"><span itemprop="name" id="description_text">MAYOFABA CASA AMELL BIO VEGANA 180 G</span></a>            <!--informacion de gluten y calorias -->        <div class="info_container">                                                            <img class="info_icon" alt="10% Descuento para suscriptores Condisline Prime" src="//static.condisline.com/resize_39x39/images/product_icons/icon_subscription.png" width="39" height="39">                                            <a class="info" title="10% Descuento para suscriptores Condisline Prime" href="javascript:void(0);">                            <span class="info_text">10% Descuento para suscriptores Condisline Prime</span>                        </a>                                                        <img class="info_icon" alt="Producto ecológico" src="//static.condisline.com/resize_39x39/images/product_icons/icon_eco.jpg" width="39" height="39">                                            <a class="info" title="Producto ecológico" href="javascript:void(0);">                            <span class="info_text">Producto ecológico</span>                        </a>                                                        </div>        <img class="article_image" alt="MAYOFABA CASA AMELL BIO VEGANA 180 G" data-original="//static.condisline.com/resize_190x200/images/catalog/large/110477.jpg" src="//static.condisline.com/resize_190x200/images/catalog/large/110477.jpg" width="190" height="200" style="display: block;">        <meta itemprop="image" content="//static.condisline.com/resize_190x200/images/catalog/large/110477.jpg">        <div class="article_price_container" itemprop="offers" itemscope="" itemtype="http://schema.org/Offer">            <!-- Price -->                                            <span class="article_price" itemprop="price"><span id="list_price_110477">3,69</span></span>                <span class="currency">€</span>                <script>                    formatNumber('3.69', 'list_price_110477');                </script>                        <meta itemprop="priceCurrency" content="EUR">            <div class="unit_container">                                    <a class="substract_button" title="Menos" href="javascript:void(0);">-</a>                                <label class="quantity_container">                                                                        <input class="input_quantity_product" id="item_quantity_110477" type="number" data-product="110477" value="" min="1" max="999" required="" autocomplete="off">                                                            </label>                                    <a class="add_button" title="Más" href="javascript:void(0);">+</a>                    <a class="added_tick" title="Cambiar unidades" href="javascript:void(0);"></a>                            </div>                                                <div class="article_pum">                        <span>     20,50€/Kilo</span>                    </div>                                                                            <a data-product-id="110477" class="orange_button btn_add2cart" title="Añadir al carrito" onclick="dataLayer.push({event: 'event_gtm',category:'acciones usuario', action:'a�adir producto desde listado'})" href="javascript:addToCartFromItemList('110477')">AÑADIR AL CARRITO &gt;</a>                                        <span class="added_button">En carrito</span>                                    <a class="white_button" title="Añadir a mi lista" href="javascript:addToListFromItemList('110477')" onclick="dataLayer.push({event: 'event_gtm',category:'acciones usuario', action:'a�adir producto a lista'});">Añadir a mi lista</a>                                </div>                    <a class="article_link" title="Ver ficha de MAYOFABA CASA AMELL BIO VEGANA 180 G" href="/MAYOFABA-CASA-AMELL-BIO-VEGANA-180-G_110477_prd_es_ES.jsp" onclick="javascript:callingTaggingEnpoints('')" itemprop="url"></a>                <div class="hover_container">            <div class="hover">                <div class="info_symbol"></div>            </div>        </div>                    </article>            </li>                    <li class="article" itemprop="itemListElement" itemscope="" itemtype="http://schema.org/Product">                    <article class="article_container" id="item_description_110412">            <a class="article_name" title="Ver ficha de SALSA ALFONSO TORRES APERITIVO 90 ML" href="/SALSA-ALFONSO-TORRES-APERITIVO-90-ML_110412_prd_es_ES.jsp" itemprop="url"><span itemprop="name" id="description_text">SALSA ALFONSO TORRES APERITIVO 90 ML</span></a>            <!--informacion de gluten y calorias -->        <div class="info_container">                            <span class="calories">41 <span>kcal</span></span>                <a class="info" title="Producto con 41 kilocalorías" href="javascript:void(0);">                    <span class="info_text">Producto con 41 kilocalorías.</span>                </a>                                                            <img class="info_icon" alt="10% Descuento para suscriptores Condisline Prime" src="//static.condisline.com/resize_39x39/images/product_icons/icon_subscription.png" width="39" height="39">                                            <a class="info" title="10% Descuento para suscriptores Condisline Prime" href="javascript:void(0);">                            <span class="info_text">10% Descuento para suscriptores Condisline Prime</span>                        </a>                                                        </div>        <img class="article_image" alt="SALSA ALFONSO TORRES APERITIVO 90 ML" data-original="//static.condisline.com/resize_190x200/images/catalog/large/110412.jpg" src="//static.condisline.com/resize_190x200/images/catalog/large/110412.jpg" width="190" height="200" style="display: block;">        <meta itemprop="image" content="//static.condisline.com/resize_190x200/images/catalog/large/110412.jpg">        <div class="article_price_container" itemprop="offers" itemscope="" itemtype="http://schema.org/Offer">            <!-- Price -->                                            <span class="article_price" itemprop="price"><span id="list_price_110412">1,99</span></span>                <span class="currency">€</span>                <script>                    formatNumber('1.99', 'list_price_110412');                </script>                        <meta itemprop="priceCurrency" content="EUR">            <div class="unit_container">                                    <a class="substract_button" title="Menos" href="javascript:void(0);">-</a>                                <label class="quantity_container">                                                                        <input class="input_quantity_product" id="item_quantity_110412" type="number" data-product="110412" value="" min="1" max="999" required="" autocomplete="off">                                                            </label>                                    <a class="add_button" title="Más" href="javascript:void(0);">+</a>                    <a class="added_tick" title="Cambiar unidades" href="javascript:void(0);"></a>                            </div>                                                <div class="article_pum">                        <span>     22,11€/Kilo</span>                    </div>                                                                            <a data-product-id="110412" class="orange_button btn_add2cart" title="Añadir al carrito" onclick="dataLayer.push({event: 'event_gtm',category:'acciones usuario', action:'a�adir producto desde listado'})" href="javascript:addToCartFromItemList('110412')">AÑADIR AL CARRITO &gt;</a>                                        <span class="added_button">En carrito</span>                                    <a class="white_button" title="Añadir a mi lista" href="javascript:addToListFromItemList('110412')" onclick="dataLayer.push({event: 'event_gtm',category:'acciones usuario', action:'a�adir producto a lista'});">Añadir a mi lista</a>                                </div>                    <a class="article_link" title="Ver ficha de SALSA ALFONSO TORRES APERITIVO 90 ML" href="/SALSA-ALFONSO-TORRES-APERITIVO-90-ML_110412_prd_es_ES.jsp" onclick="javascript:callingTaggingEnpoints('')" itemprop="url"></a>                <div class="hover_container">            <div class="hover">                <div class="info_symbol"></div>            </div>        </div>                    </article>            </li>        <!--    </ul> --></ul>


<div id="selectorShoppingListSection" style="display:none;"></div>


        </div>
    </section>

</div>

            
        </main>

        <script>
document.addEventListener('DOMContentLoaded', function() {
    document.getElementById('cb_est').checked = getCookie('ST_AUTH') === 'True';
    document.getElementById('cd_rrss').checked = getCookie('SN_AUTH') === 'True';
});
</script>

<div id="cookies_policy_bg" class="cookies_bg_glass" style="display: block; background: rgba(0, 0, 0, 0.5);">

    <div id="cookies_policy_dialog" class="cookies_dialog_bg">

        <div id="content_container" class="cookies_dialog_body">

            <div id="cookies_policy_text" class="cookies_text">
                Esta página web utiliza cookies propias y de terceros para fines técnicos, analíticos y de redes sociales. Tienes la opción de seleccionar "aceptar todas", "rechazar todas" o "configurar". Para obtener más información al respecto, puedes consultar nuestra
                <a id="cookies_policy_btn" class="cookies_link" title="Política de cookies" href="/cookies">
                    Política de cookies
                </a>
                .
            </div>
            <div class="cookies_buttons">
                <a class="cookies_button right" title="Rechazar todas" href="javascript:rejectCookies();">Rechazar todas</a>
                <a class="cookies_button right" title="Configurar" href="javascript:showSocialCookies();">Configurar</a>
                <a class="cookies_button right" title="Aceptar todas" href="javascript:acceptCookies();">Aceptar todas</a>
            </div>
        </div>

    </div>

</div>

<div id="cookies_social_config" class="cookies_modal">

    <div class="cookies_modal-content">

        <div class="cookies_modal-header">
            Configuración de Cookies
        </div>

        <div class="cookies_modal-body">
            <br>
            <div class="cookies_text">
                Puedes configurar tus preferencias, en cualquier momento, respecto a la utilización de Cookies. Para obtener más información al respecto, puedes consultar nuestra
                <a id="cookies_policy_btn" class="cookies_link" title="Política de cookies" href="/cookies">
                    Política de cookies
                </a>
            </div>
            <br>

            <input type="checkbox" id="cb_tec" disabled="disabled" checked="checked">
            <label class="cookies_modal_label" for="cb_tec"> Cookies Técnicas </label>
            <div class="cookies_modal_definition">
                Son aquéllas que resultan necesarias para el funcionamiento básico del sitio web y, por lo tanto, están siempre activas.
            </div>
            <br>

            <input type="checkbox" id="cb_est">
            <label class="cookies_modal_label" for="cb_est"> Cookies Análisis Estadístico</label>
            <div class="cookies_modal_definition">
                Son aquéllas que permiten realizar el seguimiento y análisis del comportamiento de los usuarios en los sitios Web.
            </div>
            <br>

            <input type="checkbox" id="cd_rrss" value="cookie-social_network">
            <label class="cookies_modal_label" for="cd_rrss"> Cookies Redes Sociales Externas</label>
            <div class="cookies_modal_definition">
                Son aquéllas que permiten que los usuarios puedan interactuar con el contenido de terceras plataformas sociales.
            </div>
            <br>

            <br>
        </div>

        <div class="cookies_modal-footer">
            <a class="cookies_back" id="cookies_modal-back" href="javascript:closeCookiesModal()" title="Volver">Volver</a>
            <a class="cookies_button" title="Guardar y continuar" href="javascript:acceptExtendedCookies();">Guardar y continuar</a>
        </div>

    </div>
</div>

<script type="text/javascript">
    checkCookiesPolicy();
</script>

<!-- Popup cargando -->
<aside id="loading" class="popup_background">
    <div class="popup_container narrow">
        <div class="popup">
            <img class="loading" title="Cargando..." src="//static.condisline.com/static-app/j2_233f/images/loading.gif" width="64" height="64">
            <p class="loading_text">Cargando...</p>
        </div>
    </div>
</aside>

<!-- Popup seleccionar / crear lista -->
<aside id="add_list_popup" class="popup_background">

</aside>

<aside id="not_in_stock_popup" class="popup_background">
</aside>

<!-- Popup login -->
<aside id="login_popup" class="popup_background">
    <div class="popup_container narrow">
        <div class="popup">
            <div class="popup_content">
                <a class="close_button" title="Cerrar popup" href="javascript:void(0);"></a>
                <div class="login_container">
                    <div class="left_container">
                        <p class="left_title">¿Es tu<span class="line"><span class="number">1<sup>a</sup></span> <span class="list">lista</span> <span class="letters">en</span></span> <img class="image" alt="Logotipo de Condisline" src="//static.condisline.com/static-app/j2_233f/images/logo-condisline.png"><span class="question">?</span></p>
                        <p class="left_text">Crea tu cuenta y haz tu compra desde el sofá de casa ¡Muy fácil!</p>
                        <div class="button_container">
                            <a class="orange_button" title="Crear cuenta" href="javascript:showRegisterUserFromLogin()">Crear cuenta</a>
                        </div>
                    </div>
                    <div class="right_container">
                        <p class="right_title">¿YA HAS REALIZADO OTRAS LISTAS CON NOSOTROS?</p>
                        <form id="login_form_popup" class="login_content" method="post" action="" autocomplete="off">
                            <label class="row">Usuario
                                <input id="user_form_popup" type="text" autocomplete="off">
                            </label>
                            <label class="row">Contraseña
                                <input id="password_form_popup" type="password" autocomplete="off">
                                <span id="msg_login_fail_list" style="display: none;" class="error_message"></span>
                            </label>
                            <a class="forget_link" title="�Has olvidado tu contrase�a?" href="javascript:irResetPassword();">¿Has olvidado tu contraseña?</a>
                            <div class="button_container">
                                <a class="access_button" title="Acceder" href="javascript:initLoginForMyList();">ACCEDER &gt;</a>
                            </div>
                        </form>
                    </div>
                </div>
            </div>
        </div>
    </div>
</aside>



<!-- Popup Cambios no persistentes en la lista hasta que no se graben -->
<aside id="no_persist_change_in_list_popup" class="popup_background">
    <div class="popup_container popup_list">
        <div class="popup">
            <div class="popup_content">
                <a class="close_button" title="Cerrar popup" href="javascript:closePopUpList();"></a>
                <p class="popup_list_title remember">Recuerda que al modificar tu lista<br> deberás guardar los cambios haciendo clic en<br> botón de la parte superior de la página</p>
                <div class="popup_list_button">
                    <a class="orange_button" title="ACEPTAR" href="javascript:hideNoPersistChangeInList();">ACEPTAR &gt;</a>
                </div>
            </div>
        </div>
    </div>
</aside>

<!-- Popup eliminar producto del carrito -->
<aside id="delete_product_popup" class="popup_background delete_product_popup">
    <div class="popup_container">
        <div class="popup">
            <div class="popup_content">
                <div class="delete_background"></div>
                <p class="delete_text">¿Estás seguro de que deseas eliminar el producto "<span id="delete_name"></span>" de tu carrito?</p>
                <div class="delete_buttons">
                    <a id="delete_product" class="white_button" title="Eliminarlo del carrito" href="javascript:confirmDeleteItemForCart();" onclick="dataLayer.push({event: 'event_gtm', category:'acciones usuario', action:'eliminar producto del carrito'});">Eliminarlo del carrito</a>
                    <a id="dont_delete" class="orange_button" title="Mantenerlo en carrito" href="javascript:void(0);" onclick="dataLayer.push({event:'event_gtm', category:'acciones usuario', action:'mantener producto en carrito'});">Mantenerlo en carrito</a>
                     <input type="hidden" id="productIdToDelete">
                </div>
            </div>
        </div>
    </div>
</aside>

<!-- Popup Cambios en la lista guardados -->
<aside id="saved_change_popup" class="popup_background">
    <div class="popup_container popup_list">
        <div class="popup">
            <div class="popup_content">
                <a class="close_button" title="Cerrar popup" href="javascript:closePopUpList();"></a>
                <p class="popup_list_title saved">Tu lista se ha guardado correctamente</p>
                <div class="popup_list_button">
                    <a class="orange_button" title="Aceptar" href="javascript:hideSavedChange();">ACEPTAR &gt;</a>
                </div>
            </div>
        </div>
    </div>
</aside>

<!-- Popup confirmaci�n eliminar producto de lista -->
<aside id="delete_list_product_popup" class="popup_background">
    <div class="popup_container narrow">
        <div class="popup">
            <div class="popup_content">
                <a class="close_button" title="Cerrar popup" href="javascript:void(0);"></a>
                <p class="delete_list_product_text">¿Seguro que deseas eliminar el producto? <span id="article_name"></span></p>
                <div class="buttons_container">
                    <a class="cancel_button" title="Cancelar" href="javascript:void(0);">Cancelar</a>
                    <a class="accept_button" title="ACEPTAR" href="#">ACEPTAR</a>
                </div>
            </div>
        </div>
    </div>
</aside>

<!-- Producto a�adido a la lista con �xito -->
<aside id="added_list_popup" class="popup_background">
    <div class="popup_container popup_list">
        <div class="popup">
            <div class="popup_content">
                <a class="close_button" title="Cerrar popup" href="javascript:void(0);"></a>
                <p class="popup_list_title saved">El producto <span id="product_in_list" class="product">"CEREALES CONDIS HAPPY CHOC 375 GRS"</span> se ha añadido correctamente a la lista <span id="list_description" class="list">"Cumplea�os Mam�"</span></p>
                <div class="popup_list_button">
                    <a class="orange_button" title="Aceptar" href="javascript:void(0);">ACEPTAR &gt;</a>
                </div>
            </div>
        </div>
    </div>
</aside>

<!-- Popup gen�rico -->
<aside id="generic_popup" class="popup_background">
    <div class="popup_container popup_list">
        <div class="popup">
            <div class="popup_content">
                <a class="close_button" title="Cerrar popup" href="javascript:void(0);"></a>
                <p class="generic_popup_title"></p>
                <p class="generic_popup_text"></p>

                <div class="popup_list_button">
                    <a class="orange_button" title="ACEPTAR" href="javascript:void(0);">ACEPTAR &gt;</a>
                </div>
            </div>
        </div>
    </div>
</aside>

<!-- Popup opcional -->
<aside id="generic_choice_popup" class="popup_background">
    <div class="popup_container popup_list">
        <div class="popup">
            <div class="popup_content">
                <a class="close_button" title="Cerrar popup" href="javascript:void(0);"></a>
                <p class="generic_popup_title"></p>
                <p class="generic_popup_text"></p>

                <div class="popup_list_button">
                    <a class="orange_button secundary_button" style="background-color:#e6e6e2" title="Cancelar" href="#">Cancelar &gt;</a>
                    <a class="orange_button primary_button" title="GUARDAR" href="#">GUARDAR &gt;</a>
                </div>
            </div>
        </div>
    </div>
</aside>

<!-- Popup disponibilidad -->
<aside id="disponibility_popup" class="popup_background">
</aside>

<!-- Popup a�adir producto a lista desde carrito -->
<aside id="all_list_popup" class="popup_background">
    <div class="popup_container popup_list">
        <div class="popup">
            <div class="popup_content">
                <a class="close_button" title="Cerrar popup" href="javascript:void(0);"></a>
                <p class="popup_list_title saved">Se han añadido todos los<br> productos de tu carrito a la lista:<br> <span class="list" id="listName"></span></p>
                <div class="popup_list_button">
                    <a class="orange_button" title="ACEPTAR" href="javascript:void(0);">ACEPTAR &gt;</a>
                </div>
            </div>
        </div>
    </div>
</aside>

<aside id="legal_popup" class="popup_background">
</aside>

<aside id="delivery_popup" class="popup_background">
</aside>

<aside id="schedule_popup" class="popup_background">
</aside>




<!-- login popups -->

<aside id="alert_login_no_mail_popup" class="popup_background" style="display:none">
   <div class="popup_container narrow">
    <div class="popup">
        <div class="popup_content">
            <p class="new_username_text">Hola <span id="user_name"></span>,<br> a partir de ahora, para acceder al nuevo Condisline, tu nombre de usuario será tu e-mail: <span id="user_mail"></span></p>
            <div class="button_container new_username">
                <a id="new_confirm_email" class="orange_button" title="Confirmar este e-mail" href="javascript:changeLoginForMail();">CONFIRMAR ESTE E-MAIL &gt;</a>
                <a id="new_modify_email" class="change_email" title="Modificar este e-mail" href="javascript:updateMailFromLogin();">Modificar este e-mail</a>
            </div>
        </div>
    </div>
   </div>
</aside>

<aside id="alert_select_region_popup" class="popup_background" style="display:none">
   <div class="popup_container narrow">
    <div class="popup">
        <div class="popup_content">
            <a class="close_button" title="Cerrar popup" href="javascript:selectRegion('SVC', 'SVM');"></a>
            <p class="new_username_text" style="color:#e66b5b;font-weight:bold;">Selecciona tu zona para adecuar el surtido y darte una mejor experiencia</p>
            <div style="width:46%;margin:10px; float:left;">
                <p class="new_username_text select_region_text" style="background-color: #3C67A5; color:#fff;cursor:pointer;" onclick="selectRegion('SVC', 'SVM');">Catalunya</p>

            </div>
            <div style="width:46%;margin: 10px; clear: left; float:left;">
                <p class="new_username_text select_region_text" style="background-color: #3C67A5; color:#fff; cursor:pointer;" onclick="window.location='https://www.condisline.ad';">Andorra</p>
            </div>

            <!--<select style="    display: block;
    float: left;
    margin-top: 15px;
    margin-left:190px;
    border: 1px solid #D6D6C5;
    -webkit-border-radius: 5px;
    -moz-border-radius: 5px;
    border-radius: 5px;
    color: #706F6F;
    font-size: 100%;
    line-height: 20px;
    padding: 6px 10px;
    width: 200px;
    height: 34px;
    -webkit-box-sizing: border-box;
    -moz-box-sizing: border-box;
    box-sizing: border-box;" onchange="ahoraSelect()" id="capri">
            <option style="font-weight: normal;    display: block;    white-space: pre;    min-height: 1.2em;" disabled selected>Zonas...</option>
            <option style="font-weight: normal;    display: block;    white-space: pre;    min-height: 1.2em;" onclick="selectRegion('SVC', 'SVM');"> Catalunya</option>
            </select>-->
            <p class="new_username_text"></p>
            <div class="button_container new_username">
            <!--    <a id="new_confirm_email" class="orange_button" title="Confirmar este e-mail" href="javascript:changeLoginForMail();">CONFIRMAR ESTE E-MAIL &gt;</a>
                <a id="new_modify_email" class="change_email" title="Modificar este e-mail" href="javascript:updateMailFromLogin();">Modificar este e-mail</a>-->
            </div>
        </div>
    </div>
   </div>
</aside>

<aside id="alert_login_no_contract_agreement_popup" class="popup_background" style="display:none">
   <div class="popup_container narrow">
    <div class="popup">
        <div class="popup_content">
            <p class="gdpr_text" style="font-family: 'Font2';">Queremos continuar informándote de las últimas novedades de nuestros productos, servicios y promociones, <b>pero queremos que tú decidas qué recibir y cómo.</b> </p>
            <div id="content_dni">
            <p class="gdpr_text" style="font-family: 'Font2';">Para ello, primero necesitamos que cumplimentes el siguiente campo al objeto de poder identificarte correctamente: </p>
            <input id="dni" type="text" style="margin-left: 200px;text-align:center;margin-top:20px; " placeholder="DNI/NIF"> <span style="color:red">*</span> &nbsp;<span id="msg_dni_fail" style="display:none;color:red;" class="error_message"> El dni introducido no es válido</span><span id="msg_dni_duplicado" style="display:none;color:red;" class="error_message"> DNI duplicado</span>
            </div>
            <div style="width=80%; color:#3C67A5;margin-top:20px;font-family: 'Font2'; ">
                <div style="width:100%; padding: 0 15px;font-family: 'Font2';">
                    Por favor, confírmanos tu consentimiento para las siguientes finalidades:
                </div>
                <div style="padding-left: 50px; font-family: 'Font2';width:100%; display:none" id="content_gdpr">
                    <label style="line-height: 20px;font-family: 'Font2';"><input id="gdpr_check" style="width: 20px;height: 20px;" type="checkbox" value="true">&nbsp;He leido las <a href="#">condiciones</a> <span style="color:red">*</span></label><br>
                </div>

                <div style="padding:0 10px 0 50px; margin-top:10px;font-family: 'Font2';">
                    <label style="line-height: 20px;font-family: 'Font2';"><input id="publi_check" style="width: 20px;height: 20px;" type="checkbox">&nbsp;Acepto recibir información comercial sobre Condis, de cualquier índole, incluyendo encuestas de satisfacción, y específicamente sobre futuras acciones comerciales así como promociones exclusivas a través de e-mail, sms y/o notificaciones push en tu dispositivo.</label>
                </div>
                <div id="publi_sgm" style="padding-left: 100px; display:none;font-family: 'Font2';">
                    <label style="line-height: 20px;"><input id="flagMail" style="width: 20px;height: 20px;" type="checkbox">&nbsp;Vía Email para seguir recibiendo nuestras newsletter<span style="color:blue">*</span></label><br>
                    <label style="line-height: 20px;"><input id="flagSMS" style="width: 20px;height: 20px;" type="checkbox">&nbsp;Vía SMS</label><br>
                    <label style="line-height: 20px;"><input id="flagPush" style="width: 20px;height: 20px;" type="checkbox">&nbsp;Vía notificaciones push en mi dispositivo para futuras actualizaciones</label>
                </div>
                <div style="padding:0 10px 0 50px; margin-top:10px;font-family: 'Font2';">
                    <label style="line-height:20px;font-family: 'Font2';"><input id="profile_check" style="width: 20px;height: 20px;" type="checkbox">&nbsp;Acepto que Condis evalúe mi perfil con información de fuentes externas para ofrecerme servicios y productos más ajustados a mis necesidades y preferencias.</label><br>
                </div>
                <div style="padding:0 10px 0 50px; margin-top:10px;font-family: 'Font2';">
                    <label style="line-height:20px;font-family: 'Font2';"><input id="healthy_check" style="width: 20px;height: 20px;" type="checkbox">&nbsp;Acepto que Condis evalúe mi perfil con información de fuentes externas para ofrecerme servicios y productos más ajustados a mis necesidades y preferencias.</label><br>
                </div>
                <div class="button_container">
                    <a class="orange_button" id="confirmGDPR" title="Aceptar" href="javascript:contractAgreement(function(){console.log('callback')}, null);">Aceptar &gt;</a>
                </div>
                <p style="padding:20px; width:92%;margin-top:55px;text-align:justify; font-size:12px">De conformidad con el Reglamento Europeo 2016/679 General de Protección de Datos, así como en cualquier ley nacional que sea de aplicación, te informamos que tus datos personales serán tratados por CONDIS SUPERMERCATS, S.A., como responsable del tratamiento, para las finalidades principales del servicio contratado y para las antes indicadas en caso que así lo hayas consentido. Comunicarte que no se cederán datos a terceros salvo que exista una obligación legal. Puedes revocar tus consentimientos en cualquier momento, así como ejercer tus derechos. Para más información al respecto, consulta nuestra <a href="/police/privacy#content_body" target="_blank">Política de Privacidad</a></p>
            </div>
        </div>
    </div>
   </div>
</aside>


<aside id="form_update_mail_popup" class="popup_background" style="display:none">
    <div class="popup_container tariff">
        <div class="popup">
            <div class="popup_content">
                <form class="identification_content" method="post" action="" autocomplete="off">
                    <label class="row">E-mail <span class="detail">(Ten en cuenta que será tu usuario de acceso a Condisline)</span> <sup>*</sup>
                        <input id="email_user" type="text" autocomplete="off">
                    </label>
                    <label class="row">Repetir e-mail
                        <input id="email_rep_user" type="text" autocomplete="off">
                        <span id="msg_mail_match_fail" style="display:none" class="error_message"> Los campos no coinciden</span>
                    </label>
                </form>
                <div class="delete_buttons">
                    <a id="new_change_email_popup_later" class="white_button" title="Recordar más tarde" href="javascript:recordarMasTarde();">Recordar más tarde</a>
                    <a id="new_change_email_popup_send" class="orange_button" title="ACEPTAR" href="javascript:changeMailBeforeChangeLogin();">ACEPTAR</a>
                </div>
            </div>
        </div>
    </div>
</aside>

<aside id="alert_maillogin_in_use_popup" class="popup_background" style="display:none">
    <div class="popup_container tariff">
        <div class="popup">
            <div class="popup_content">
                <p class="delete_text"><br><br>El correo <span id="user_mail"></span>, ya está en uso.<br> ¿Desea elegir otro o recordármelo más tarde?<br><br></p>
                <div class="delete_buttons">
                    <a id="new_change_email_popup_later" class="white_button" title="Recordar más tarde" href="javascript:recordarMasTarde();">Recordar más tarde</a>
                    <a id="new_change_email_popup_next" class="orange_button" title="Elegir otro" href="javascript:elegirOtro();">Elegir otro</a>
                </div>
            </div>
        </div>
    </div>
 </aside>

<aside id="success_maillogin_update_popup" class="popup_background" style="display:none">
    <div class="popup_container narrow">
        <div class="popup">
            <div class="popup_content">
                <p class="warning_old_login">Enhorabuena, a patir de ahora tu login para acceder a la aplicacion es  <span id="user_mail"></span>.</p>
                <div class="button_container new_username">
                    <a id="new_confirm_email" style="margin-bottom:20px;" class="orange_button" title="ACEPTAR" href="javascript:endUpdateLogin();">ACEPTAR &gt;</a>
                </div>
            </div>
        </div>
    </div>
</aside>



<!-- checkout login popups -->

<aside id="alert_login_no_mail_popup_checkout" class="popup_background" style="display:none">
   <div class="popup_container narrow">
    <div class="popup">
        <div class="popup_content">
            <p class="new_username_text">Hola <span id="user_name"></span>,<br> a partir de ahora, para acceder al nuevo Condisline, tu nombre de usuario será tu e-mail: <span id="user_mail"></span></p>
            <div class="button_container new_username">
                <a id="new_confirm_email" class="orange_button" title="Confirmar este e-mail" href="javascript:changeLoginForMailCheckout();">CONFIRMAR ESTE E-MAIL &gt;</a>
                <a id="new_modify_email" class="change_email" title="Modificar este e-mail" href="javascript:updateMailFromLoginCheckout();">Modificar este e-mail</a>
            </div>
        </div>
    </div>
   </div>
</aside>

<aside id="form_update_mail_popup_checkout" class="popup_background" style="display:none">
    <div class="popup_container tariff">
        <div class="popup">
            <div class="popup_content">
                <form class="identification_content" method="post" action="" autocomplete="off">
                    <!--<p class="delete_text">Indica tu nuevo e-mail:</p>-->
                    <label class="row">
                        E-mail <span class="detail">(Ten en cuenta que será tu usuario de acceso a Condisline)</span> <sup>*</sup>
                        <input id="email_user" type="text" autocomplete="off">
                    </label>
                    <label class="row">
                        <!--Repite tu e-mail*-->
                        Repetir e-mail
                        <input id="email_rep_user" type="text" autocomplete="off">
                        <span id="msg_mail_match_fail" style="display:none" class="error_message"> Los campos no coinciden</span>
                    </label>
                </form>
                <div class="delete_buttons">
                    <a id="new_change_email_popup_later" class="white_button" title="Recordar más tarde" href="javascript:recordarMasTarde();">Recordar más tarde</a>
                    <a id="new_change_email_popup_send" class="orange_button" title="ACEPTAR" href="javascript:changeMailBeforeChangeLoginCheckout();">ACEPTAR</a>
                </div>
            </div>
        </div>
    </div>
</aside>

<aside id="alert_maillogin_in_use_popup_checkout" class="popup_background" style="display:none">
    <div class="popup_container tariff">
        <div class="popup">
            <div class="popup_content">
                <p class="delete_text"><br><br>El correo <span id="user_mail"></span>, ya está en uso.<br> ¿Desea elegir otro o recordármelo más tarde?<br><br></p>
                <div class="delete_buttons">
                    <a id="new_change_email_popup_later" class="white_button" title="Recordar más tarde" href="javascript:recordarMasTardeCheckout();">Recordar más tarde</a>
                    <a id="new_change_email_popup_next" class="orange_button" title="Elegir otro" href="javascript:updateMailFromLoginCheckout();">Elegir otro</a>
                </div>
            </div>
        </div>
    </div>
 </aside>

<aside id="success_maillogin_update_popup_checkout" class="popup_background" style="display:none">
    <div class="popup_container narrow">
        <div class="popup">
            <div class="popup_content">
                <p class="warning_old_login">Enhorabuena, a patir de ahora tu login para acceder a la aplicacion es  <span id="user_mail"></span>.</p>
                <div class="button_container new_username">
                    <a id="new_confirm_email" style="margin-bottom:20px;" class="orange_button" title="ACEPTAR" href="javascript:endUpdateLoginCheckout();">ACEPTAR &gt;</a>
                </div>
            </div>
        </div>
    </div>
</aside>












<!-- login por mail area privada -->

<aside id="alert_mail_as_login_popup" class="popup_background" style="display:none">
   <div class="popup_container narrow">
    <div class="popup">
        <div class="popup_content">
            <p class="new_username_text">Hola <span id="user_name"></span>,<br> a partir de ahora, para acceder al nuevo Condisline, tu nombre de usuario será tu e-mail: <span id="user_mail"></span></p>
            <div class="button_container new_username">
                <a id="new_confirm_email" style="margin-bottom:20px;" class="orange_button" title="Confirmar este e-mail" href="javascript:updateUserBasisDataProccessor();">CONFIRMAR ESTE E-MAIL &gt;</a>
            </div>
        </div>
    </div>
   </div>
</aside>


<aside id="alert_maillogin_in_use_pa_popup" class="popup_background" style="display:none">
   <div class="popup_container narrow">
        <div class="popup">
            <div class="popup_content">
                <p class="new_username_text">El login <span id="user_mail_no_valid"></span>,<br> ya esta en uso </p>
                <div class="button_container new_username">
                    <a id="new_confirm_email" style="margin-bottom:20px;" class="orange_button" title="ACEPTAR" href="javascript:hideAlertMainInUserPrivateArea();">ACEPTAR &gt;</a>
                </div>
            </div>
        </div>
   </div>
</aside>

<aside id="delivery_times_popup" class="popup_background" style="display:none;">
    <div class="popup_container">
        <div class="popup">
            <div class="popup_content">
                <a class="close_button" title="Cerrar popup" href="javascript:void(0);"></a>

                <script>
                    var linkElement = document.createElement("link");
                    linkElement.rel = "stylesheet";
                    linkElement.href = "//static.condisline.com/static-app/j2_233f/styles/purchasing-process-step-1.css";

                    document.head.appendChild(linkElement);
                </script>

                <!-- calendario de las fechas de entrega -->
                <p class="postalcode_title" style="padding: 20px 0 0 20px;">C.P.: <span id="delivery_postalcode"></span></p>

                <style>
                    #layer_delivery_time_slot_popup #deliveryTitleText {
                        display: none;
                    }

                    #layer_delivery_time_slot_popup {
                        padding: 0px 20px;
                        margin: 0 auto;
                    }

                    #layer_delivery_time_slot_popup table.hour_table {
                        margin-bottom: 20px;
                    }

                    #layer_delivery_time_slot_popup .hour input {
                        opacity: 0;
                        position: fixed;
                        width: 0;
                    }

                    #layer_delivery_time_slot_popup .postalcode_title {
                        font-weight: bold;
                        padding: 20px 20px 0px 20px;
                        margin-bottom: 0;
                    }
                </style>

                <div id="layer_delivery_time_slot_popup"></div>
            </div>
        </div>
    </div>
</aside>


<!-- popup FINALIZACI�N cat�logo MADRID -->
<aside id="end_madrid_catalogue_popup" class="fpopup" style="display:none">
   <div class="fpopup__overlay">
        <div class="fpopup__container">
            <a class="close_button" title="Cerrar popup" href="javascript:void(0);"></a>
            <h3>Lo sentimos, pero Condisline ha dejado de operar en la zona centro: Madrid y alrededores.</h3>
            <p>Aunque ya no aceptamos pedidos, podrás contactarnos para resolver cualquier incidencia de entregas anteriores.</p>
            <p><img src="//static.condisline.com/static-app/j2_233f/images/condisline-madrid.jpg" alt="" style="max-width: 100%;"></p>
            <p>
                <a class="done_button" title="ACEPTAR" href="javascript:void(0);">ACEPTAR</a>
            </p>
        </div>
   </div>
</aside>

        
    <script type="text/javascript" src="https://islpronto.islonline.net/live/islpronto/public/chat_info.js?d=condis&amp;nick=.&amp;email=&amp;lang=es"></script>


<script type="text/javascript">
document.addEventListener('load', function() {
    if(true) {
        var image = document.getElementById('liveagent_button_online_5731r0000008g5K');
        if (locale == 'es_ES'){
            image.src = 'https://static.condisline.com/images/chat/islpronto-chat_es_.jpg';
        }else{
            image.src = 'https://static.condisline.com/images/chat/islpronto-chat_ca.jpg';
        }
    }else{
        var image = document.getElementById('liveagent_button_offline_5731r0000008g5K');
        if (locale == 'es_ES'){
            image.src = 'https://static.condisline.com/images/chat/islpronto_message_es.jpg';
        }else{
            image.src = 'https://static.condisline.com/images/chat/islpronto-message_ca.jpg';
        }
    }
});
</script>





        <footer class="footer_container" id="footer">
              <div id="payment_method" class="semitransparent_container">
        <ul class="content_container">
    <li class="avail safe">Compra Segura</li>
    <li class="avail norton"></li>
    <li class="avail visa"></li>
    <li class="avail mastercard"></li>
    <li class="avail paypal"></li>
    <li class="avail order">Recibe tu pedido al día siguiente</li>
    <li class="avail free">Envíos Gratis*<span class="tooltip">* Para los nuevos clientes en sus 2 primeras compras</span></li>
    <li class="avail collectives">Ventajas a colectivos</li>
</ul>
  </div>

  <div id="corporate information" class="opaque_container">
           <div class="content_container">
        <div class="footer_data_container left" itemscope="" itemtype="http://schema.org/Store">
                <meta itemprop="logo" content="//static.condisline.com/static-app/j2_233f/images/logo-condisline.png">
                <meta itemprop="name" content="Condisline.com, Supermercados Online">
                <meta itemprop="url" content="Condisline.com">
            <a class="footer_logo" title="Condisline" href="javascript:goToHome()" itemprop="url">
                <img class="logo_image" alt="Logotipo de Condisline" src="//static.condisline.com/static-app/j2_233f/images/logo-condisline.png" width="242" height="61" itemprop="logo">
            </a>
            <div itemscope="" class="contact_data" itemtype="http://schema.org/PostalAddress">
                <span class="telephone" itemprop="telephone">900 167 167</span>
            </div>
            <div itemscope="" class="contact_data contact_secundary" itemtype="http://schema.org/PostalAddress">
                <span class="footer">De Lunes a Jueves de 7h a 22.30h</span>
                <span class="footer">Viernes de 7h a 21.30h</span>
                <span class="footer">Sábado de 8h a 21.30h</span>
                <meta itemprop="addressCountry" content="ES">
                <a class="email" title="Email de contacto a Condisline" href="mailto:info@condis.es" itemprop="email">info@condis.es</a>
            </div>
        </div>
        <div class="footer_data_container">
            <ul class="footer_links_container">
                <li class="footer_link_container">
                    <a class="footer_link" title="Sobre Condis" href="/about_es_ES.jsp">Sobre Condis</a>
                </li>
                <li class="footer_link_container">
                    <a class="footer_link" title="Preguntas Frecuentes" href="/faq_es_ES.jsp">Preguntas Frecuentes</a>
                </li>
                <li class="footer_link_container">
                    <a class="footer_link" title="¿Dónde repartimos?" href="javascript:showDeliveryZones();">¿Dónde repartimos?</a>
                </li>
                <li class="footer_link_container">
                    <a class="footer_link" title="Horarios de entrega" href="javascript:showDeliveryTimes();">Horarios de entrega</a>
                </li>
            </ul>
        </div>
        <div class="footer_data_container right">
            <p class="social_text">Síguenos en:</p>
            <div class="social_container">
                <a class="social_button fb" title="Descubre nuestro canal en Facebook" rel="me nofollow" target="_blank" href="https://www.facebook.com/Condislife"></a>
                <a class="social_button tw" title="Descubre nuestro canal en Twitter" rel="me nofollow" target="_blank" href="https://twitter.com/Condislife"></a>
                <a class="social_button yt" title="Descubre nuestro canal en YouTube" rel="me nofollow" target="_blank" href="https://www.youtube.com/user/Condislife"></a>
            </div>

            <a class="condis_link" title="Descubre Condis" rel="me nofollow" target="_blank" href="http://www.condis.es">
                <img class="condis_logo" alt="Logotipo de de Condis" src="//static.condisline.com/static-app/j2_233f/images/logo-condis.png" width="143" height="44">
            </a>

            <a class="condis_link" title="Descubre Condislife" rel="me nofollow" target="_blank" href="http://www.condislife.com">
                <img class="condis_logo" alt="Logotipo de Condislife" src="//static.condisline.com/static-app/j2_233f/images/logo-condislife.png" width="143" height="44">
            </a>
            <br>


            <a class="condis_link" title="Descubre Condisline App" rel="me nofollow" target="_blank" href="https://www.condisline.com/promociones/landing-app/index.html">
                <img class="condis_logo" alt="Logotipo de de Condis" src="//static.condisline.com/static-app/j2_233f/images/logo-condislineapp.png" width="143" height="44">
            </a>


            <a class="condis_link" title="Descubre CondisFamily" rel="me nofollow" target="_blank" href="https://recursos.condis.es/app-condisfamily/">
                <img class="condis_logo" alt="Logotipo de CondisFamily" src="//static.condisline.com/static-app/j2_233f/images/logo-condisapp.png" width="143" height="44">
            </a>




        </div>
    </div>
  </div>

  <div id="plataforms" class="opaque_container">
        <ul class="collaborator_container">
    <li class="collaborator">
        <a class="collaborator_link" title="Ir a OXFAM Intermón" rel="nofollow" target="_blank" href="http://www.esolidario.es/">
            <img class="collaborator_image" alt="Logotipo de OXFAM Intermón" src="//static.condisline.com/static-app/j2_233f/images/logo-intermon.png">
        </a>
    </li>
    <!--
    <li class="collaborator">
        <a class="collaborator_link" title="Ir a AppStore" rel="nofollow" target="_blank" href="#">
            <img class="collaborator_image" alt=Logotipo de AppStore" src="//static.condisline.com/static-app/j2_233f/images/logo-appstore.png">
        </a>
    </li>
    <li class="collaborator">
        <a class="collaborator_link" title="Ir a GooglePlay" rel="nofollow" target="_blank" href="#">
            <img class="collaborator_image" alt="Logotipo de GooglePlay" src="//static.condisline.com/static-app/j2_233f/images/logo-googleplay.png">
        </a>
    </li>
    -->
</ul>
  </div>

  <div id="policies_condis" class="semitransparent_container">
        <ul class="links_container">
    <li class="link_container">
        <a class="legal_link" title="Ir a condiciones generales de compra" rel="nofollow" href="/police/general">Condiciones generales de compra</a>
    </li>
    <li class="link_container">
        <a class="legal_link" title="Ir a política de cookies" rel="nofollow" href="/cookies">Política de cookies</a>
    </li>
    <li class="link_container">
        <a class="legal_link" title="Política de privacidad" rel="nofollow" href="/police/privacy">Política de privacidad</a>
    </li>
</ul>
  </div>

  <div id="chat">
        <ul class="online_support_container">
  <a id="islpronto_link" title="Hola, ¿en qué puedo ayudarte?">
      <img id="liveagent_button_online_5731r0000008g5K" style="border: 0px none; cursor: pointer;" onclick="liveagent.startChat('5731r0000008g5K')" src="https://static.condisline.com/images/chat/islpronto-chat_es_.jpg"><img id="liveagent_button_offline_5731r0000008g5K" onclick="javascript:window.open('mailto:info@condis.es');" style="display: none; border: 0px none; " src="https://static.condisline.com/images/chat/islpronto_message_es.jpg">
      <script type="text/javascript">
      if (!window._laq) { window._laq = []; }
      window._laq.push(function(){liveagent.showWhenOnline('5731r0000008g5K', document.getElementById('liveagent_button_online_5731r0000008g5K'));
      liveagent.showWhenOffline('5731r0000008g5K', document.getElementById('liveagent_button_offline_5731r0000008g5K'));
      });</script>
  </a>

  <a id="return-top-btn" class="return_button" title="Volver arriba" href="javascript:void(0);" style="display: block; opacity: 1;"></a>
</ul>
  </div>

        </footer>
    







<div id="customer_data"></div><div id="fb-root" class=" fb_reset"><div style="position: absolute; top: -10000px; width: 0px; height: 0px;"><div></div></div></div></body></html>