<!DOCTYPE html><html><head>
        <meta charset="UTF-8">
<meta name="viewport" content="width=device-width, initial-scale=1.0, maximum-scale=1.0, user-scalable=no">
<meta name="format-detection" content="telephone=no">
<meta http-equiv="X-UA-Compatible" content="IE=edge">


    <meta name="robots" content="index, follow">



    <title>Panes, harinas y masas en Condisline, tu supermercado online</title>



    <meta name="description" content="En la sección de Panes, harinas y masas te ofrecemos una completa gama de productos al mejor precio. Compra en Condisline, tu supermercado online">



    <link rel="alternate" href="https://www.condisline.com/Alimentacion_Panes-harinas-y-masas_c01_cat00190004_cat_es_ES.jsp" hreflang="es">



    <link rel="alternate" href="https://www.condisline.com/Alimentacio_Pans-farines-i-masses_c01_cat00190004_cat_ca_ES.jsp" hreflang="ca">


<link rel="shortcut icon" href="//static.condisline.com/static-app/j2_233f/images/condisline.ico">

<link rel="stylesheet" href="//static.condisline.com/static-app/j2_233f/styles/interface.css">
<link rel="stylesheet" href="//static.condisline.com/static-app/j2_233f/styles/condis.css">
<link rel="stylesheet" href="//static.condisline.com/static-app/j2_233f/fonts/icomoon/style.css">

<script src="https://connect.facebook.net/es_ES/sdk.js?hash=4dc7cae4bbf8980541590e2aadfd2f99" async="" crossorigin="anonymous"></script><script id="facebook-jssdk" src="//connect.facebook.net/es_ES/sdk.js"></script><script async="" src="https://www.googletagmanager.com/gtm.js?id=GTM-K54HK82"></script><script type="text/javascript">
    window.dataLayer = window.dataLayer || [];
    var staticUrl = '//static.condisline.com/static-app/j2_233f';
    var addressGoogleService = 'true';
    var strandsEnabled = 'false';
    var pleasePluginEnabled = 'true';
    var googleServiceKey = 'AIzaSyBeqqxvGqGcP0cwdSA2_o6Hfffn-iOUUBQ';
    var sfChatId1 = '5721r0000008g9T';
    var sfChatId2 = '00D1r000000sfpu';
    var store_context_root =  '';
    var empathy_url = 'https://api.empathy.co/';
    var empathy_suggestions_url = 'search/v1/query/condis/empathize?';
    var empathy_next_queries_url = 'nextqueries/condis?';
    var empathy_related_tags_url = 'relatedtags/condis?';
    var empathy_top_clicked_url = 'search/v1/query/condis/topclicked?';
    var empathy_sku_search_url = 'search/v1/query/skusearch?';
    var empathy_search_url = 'search/v1/query/search?';
    var empathy_mobileOrDesktop =  'desktop';
    var environment = 'pro';

</script>

<script>(function(w,d,s,l,i){w[l]=w[l]||[];w[l].push({'gtm.start':
new Date().getTime(),event:'gtm.js'});var f=d.getElementsByTagName(s)[0],
j=d.createElement(s),dl=l!='dataLayer'?'&l='+l:'';j.async=true;j.src=
'https://www.googletagmanager.com/gtm.js?id='+i+dl;f.parentNode.insertBefore(j,f);
})(window,document,'script','dataLayer','GTM-K54HK82');
</script>

<script type="text/javascript" src="//static.condisline.com/static-app/j2_233f/js/jquery.min.js"></script>
<script type="text/javascript" src="//static.condisline.com/static-app/j2_233f/js/jquery.lazyload.js"></script>
<script type="text/javascript" src="//static.condisline.com/static-app/j2_233f/js/jquery-ui.min.js"></script>
<script type="text/javascript" src="//static.condisline.com/static-app/j2_233f/js/jquery.imageLens.js"></script>
<script type="text/javascript" src="//static.condisline.com/static-app/j2_233f/js/jquery.typewatch.js"></script>
<script type="text/javascript" src="//static.condisline.com/static-app/j2_233f/js/common.js"></script>
<script type="text/javascript" src="//static.condisline.com/static-app/j2_233f/js/index.js"></script>
<script type="text/javascript" src="//static.condisline.com/static-app/j2_233f/js/utils.js"></script>
<script type="text/javascript" src="//static.condisline.com/static-app/j2_233f/js/condis.js"></script>
<script type="text/javascript" src="//static.condisline.com/static-app/j2_233f/js/handlebars-v3.0.3.js"></script>
<script type="text/javascript" src="//static.condisline.com/static-app/j2_233f/js/environment-pro.js"></script>
<script type="text/javascript" src="//static.condisline.com/static-app/j2_233f/js/commerce_rest-v.0.1.js"></script>
<script type="text/javascript" src="//static.condisline.com/static-app/j2_233f/js/supportStore.js"></script>
<script type="text/javascript" src="//static.condisline.com/static-app/j2_233f/js/validator.js"></script>
<script type="text/javascript" src="//static.condisline.com/static-app/j2_233f/js/jquery.cookie.js"></script>
<script type="text/javascript" src="//static.condisline.com/static-app/j2_233f/js/product-list.js"></script>
<script type="text/javascript" src="https://maps.googleapis.com/maps/api/js?key=AIzaSyBeqqxvGqGcP0cwdSA2_o6Hfffn-iOUUBQ&amp;libraries=geometry"></script>

<script type="module" src="https://platform.pleasepoint.com/pleasepoint-widgets/index.js"></script>


<script type="text/javascript" src="https://c.la1-c1cs-par.salesforceliveagent.com/content/g/js/42.0/deployment.js"></script>
<script type="text/javascript">
liveagent.init('https://d.la1-c2-par.salesforceliveagent.com/chat', '5721r0000008g9T', '00D1r000000sfpu');
//liveagent.init('https://d.la1-c1cs-par.salesforceliveagent.com/chat', '5720E00000000EX', '00D0E00000017bO');
</script>

<script>
    var templateName = 'mobile/category/categoryTemplate';
    var locale = 'es_ES';
    var catalogId = 'SVC';
    var localeSearch = locale.substring(0,2);
</script>

<!--[if lt IE 9]>
    <script src="//static.condisline.com/static-app/j2_233f/js/html5shiv.min.js"></script>
<![endif]-->


        <link rel="stylesheet" href="//static.condisline.com/static-app/j2_233f/styles/product-list.css">
    <link rel="stylesheet" href="//static.condisline.com/static-app/j2_233f/styles/purchasing-process-step-1.css"><style type="text/css" data-fbcssmodules="css:fb.css.base css:fb.css.dialog css:fb.css.iframewidget">.fb_hidden{position:absolute;top:-10000px;z-index:10001}.fb_reposition{overflow:hidden;position:relative}.fb_invisible{display:none}.fb_reset{background:none;border:0px;border-spacing:0;color:#000;cursor:auto;direction:ltr;font-family:'lucida grande', tahoma, verdana, arial, sans-serif;font-size:11px;font-style:normal;font-variant:normal;font-weight:normal;letter-spacing:normal;line-height:1;margin:0;overflow:visible;padding:0;text-align:left;text-decoration:none;text-indent:0;text-shadow:none;text-transform:none;visibility:visible;white-space:normal;word-spacing:normal}.fb_reset>div{overflow:hidden}@keyframes fb_transform{from{opacity:0;transform:scale(.95)}to{opacity:1;transform:scale(1)}}.fb_animate{animation:fb_transform .3s forwards}
.fb_hidden{position:absolute;top:-10000px;z-index:10001}.fb_reposition{overflow:hidden;position:relative}.fb_invisible{display:none}.fb_reset{background:none;border:0px;border-spacing:0;color:#000;cursor:auto;direction:ltr;font-family:'lucida grande', tahoma, verdana, arial, sans-serif;font-size:11px;font-style:normal;font-variant:normal;font-weight:normal;letter-spacing:normal;line-height:1;margin:0;overflow:visible;padding:0;text-align:left;text-decoration:none;text-indent:0;text-shadow:none;text-transform:none;visibility:visible;white-space:normal;word-spacing:normal}.fb_reset>div{overflow:hidden}@keyframes fb_transform{from{opacity:0;transform:scale(.95)}to{opacity:1;transform:scale(1)}}.fb_animate{animation:fb_transform .3s forwards}
.fb_dialog{background:rgba(82,82,82,.7);position:absolute;top:-10000px;z-index:10001}.fb_dialog_advanced{border-radius:8px;padding:10px}.fb_dialog_content{background:#fff;color:#373737}.fb_dialog_close_icon{background:url(https://connect.facebook.net/rsrc.php/v4/yq/r/IE9JII6Z1Ys.png) no-repeat scroll 0 0 transparent;cursor:pointer;display:block;height:15px;position:absolute;right:18px;top:17px;width:15px}.fb_dialog_mobile .fb_dialog_close_icon{left:5px;right:auto;top:5px}.fb_dialog_padding{background-color:transparent;position:absolute;width:1px;z-index:-1}.fb_dialog_close_icon:hover{background:url(https://connect.facebook.net/rsrc.php/v4/yq/r/IE9JII6Z1Ys.png) no-repeat scroll 0 -15px transparent}.fb_dialog_close_icon:active{background:url(https://connect.facebook.net/rsrc.php/v4/yq/r/IE9JII6Z1Ys.png) no-repeat scroll 0 -30px transparent}.fb_dialog_iframe{line-height:0}.fb_dialog_content .dialog_title{background:#6d84b4;border:1px solid #365899;color:#fff;font-size:14px;font-weight:bold;margin:0}.fb_dialog_content .dialog_title>span{background:url(https://connect.facebook.net/rsrc.php/v4/yd/r/Cou7n-nqK52.gif) no-repeat 5px 50%;float:left;padding:5px 0 7px 26px}body.fb_hidden{height:100%;left:0px;margin:0px;overflow:visible;position:absolute;top:-10000px;transform:none;width:100%}.fb_dialog.fb_dialog_mobile.loading{background:url(https://connect.facebook.net/rsrc.php/v4/ya/r/3rhSv5V8j3o.gif) white no-repeat 50% 50%;min-height:100%;min-width:100%;overflow:hidden;position:absolute;top:0;z-index:10001}.fb_dialog.fb_dialog_mobile.loading.centered{background:none;height:auto;min-height:initial;min-width:initial;width:auto}.fb_dialog.fb_dialog_mobile.loading.centered #fb_dialog_loader_spinner{width:100%}.fb_dialog.fb_dialog_mobile.loading.centered .fb_dialog_content{background:none}.loading.centered #fb_dialog_loader_close{clear:both;color:white;display:block;font-size:18px;padding-top:20px}#fb-root #fb_dialog_ipad_overlay{background:rgba(0,0,0,.4);bottom:0;left:0;min-height:100%;position:absolute;right:0;top:0;width:100%;z-index:10000}#fb-root #fb_dialog_ipad_overlay.hidden{display:none}.fb_dialog.fb_dialog_mobile.loading iframe{visibility:hidden}.fb_dialog_mobile .fb_dialog_iframe{position:sticky;top:0}.fb_dialog_content .dialog_header{background:linear-gradient(from(#738aba), to(#2c4987));border-bottom:1px solid;border-color:#043b87;box-shadow:white 0px 1px 1px -1px inset;color:#fff;font:bold 14px Helvetica, sans-serif;text-overflow:ellipsis;text-shadow:rgba(0,30,84,.296875) 0px -1px 0px;vertical-align:middle;white-space:nowrap}.fb_dialog_content .dialog_header table{height:43px;width:100%}.fb_dialog_content .dialog_header td.header_left{font-size:12px;padding-left:5px;vertical-align:middle;width:60px}.fb_dialog_content .dialog_header td.header_right{font-size:12px;padding-right:5px;vertical-align:middle;width:60px}.fb_dialog_content .touchable_button{background:linear-gradient(from(#4267b2), to(#2a4887));background-clip:padding-box;border:1px solid #29487d;border-radius:3px;display:inline-block;line-height:18px;margin-top:3px;max-width:85px;padding:4px 12px;position:relative}.fb_dialog_content .dialog_header .touchable_button input{background:none;border:none;color:white;font:bold 12px Helvetica, sans-serif;margin:2px -12px;padding:2px 6px 3px 6px;text-shadow:rgba(0,30,84,.296875) 0px -1px 0px}.fb_dialog_content .dialog_header .header_center{color:#fff;font-size:16px;font-weight:bold;line-height:18px;text-align:center;vertical-align:middle}.fb_dialog_content .dialog_content{background:url(https://connect.facebook.net/rsrc.php/v4/y9/r/jKEcVPZFk-2.gif) no-repeat 50% 50%;border:1px solid #4a4a4a;border-bottom:0;border-top:0;height:150px}.fb_dialog_content .dialog_footer{background:#f5f6f7;border:1px solid #4a4a4a;border-top-color:#ccc;height:40px}#fb_dialog_loader_close{float:left}.fb_dialog.fb_dialog_mobile .fb_dialog_close_icon{visibility:hidden}#fb_dialog_loader_spinner{animation:rotateSpinner 1.2s linear infinite;background-color:transparent;background-image:url(https://connect.facebook.net/rsrc.php/v4/yD/r/t-wz8gw1xG1.png);background-position:50% 50%;background-repeat:no-repeat;height:24px;width:24px}@keyframes rotateSpinner{0%{transform:rotate(0deg)}100%{transform:rotate(360deg)}}
.fb_iframe_widget{display:inline-block;position:relative}.fb_iframe_widget span{display:inline-block;position:relative;text-align:justify}.fb_iframe_widget iframe{position:absolute}.fb_iframe_widget_fluid_desktop,.fb_iframe_widget_fluid_desktop span,.fb_iframe_widget_fluid_desktop iframe{max-width:100%}.fb_iframe_widget_fluid_desktop iframe{min-width:220px;position:relative}.fb_iframe_widget_lift{z-index:1}.fb_iframe_widget_fluid{display:inline}.fb_iframe_widget_fluid span{width:100%}</style><script type="text/javascript" charset="UTF-8" src="https://maps.googleapis.com/maps-api-v3/api/js/60/12/common.js"></script><script type="text/javascript" charset="UTF-8" src="https://maps.googleapis.com/maps-api-v3/api/js/60/12/util.js"></script></head>
    <body>

            <noscript><iframe src="https://www.googletagmanager.com/ns.html?id=GTM-K54HK82"
height="0" width="0" style="display:none;visibility:hidden"></iframe></noscript>

<header id="header_container" class="header_container">


            <div id="mainHeader" class="content_container">
                <div class="logo_container">

                    <a class="logo_link" title="Condisline" href="/">
                        <img class="logo_image" alt="Logotipo de Condisline" src="//static.condisline.com/static-app/j2_233f/images/logo-condisline.png" width="247">
                    </a>



                    <div class="site_container">

                        <div class="province_container" onclick="dataLayer.push({event:'event_gtm', category:'experiencia usuario', action:'cambio surtido'});">

                                    
                                        
                                            <span class="province" title="Establece el surtido de la web dependiendo de la Zona seleccionada Catalunya">Zona <span class="bold">Catalunya</span></span>
                                        
                                    
                                    <a class="province" title="Establece el surtido de la web dependiendo de la Zona seleccionada " href="https://www.condisline.ad" target="_blank">Zona <span class="bold">Andorra</span></a>
                        </div>

                        <div class="language_container" onclick="dataLayer.push({event:'event_gtm', category:'experiencia usuario', action:'cambio idioma'});">
                            
                                
                                    <span class="language" title="Cambiar a idioma Castellano" href="javascript:selectLang('es_ES');"><span class="text">idioma </span><span class="bold">Castellano</span></span>
                                
                            
                                
                                    <a class="language" title="Cambiar a idioma Català" href="javascript:selectLang('ca_ES');"><span class="text">idioma </span><span class="bold">Català</span></a>
                                
                            
                        </div>
                    </div>

                </div>


                <div id="search_form" class="search_container">
                    <label class="label_container">
                        <input id="term" type="search" name="term" autocomplete="off" maxlength="50" placeholder="Buscar productos">
                        <input type="hidden" id="source" name="source" value="directSearch">
                        <a id="search_button" class="search_button disabled" title="Buscar" onclick="javascript:directSearchButton()">&gt;</a>
                        <div id="searchingResults" class="ui-autocomplete">
                            <div id="suggestions" class="suggestions-class" style="display: none;"></div>
                            <div id="nextQueries" class="nextQueries-class" style="display: none;"></div>
                            <div id="relatedtags" class="relatedtags-class" style="display: none;"></div>
                        </div>
                    </label>
                </div>


                    <a class="cart_button" title="Ver mi carrito de la compra" href="/shoppingcart">
                        <div id="seccionCartSummaryHeadInfo">
    <span class="products_number">0</span>
    <div class="price_container">
        <span class="price"><span id="total_price_">0,00</span><span class="currency">€</span></span>
        <span class="cart_text">ver carrito</span>
     </div>

</div>
                    </a>

                    
<div id="unlogged_frame" style="display: block;">
    <a class="user_button" title="Ir a mi cuenta" href="javascript:showLogin();"><span id="login_name" title="Ir a mi cuenta" href="javascript:showLogin();">Mi cuenta</span></a>
</div>


<div id="logged_frame" style="display:none" class="user_button logged">
    <span id="logged_name"></span>
    <div class="user_options">
        <a class="user_option" title="Ir a mi cuenta" href="javascript:privateArea();">Ir a mi cuenta</a>
        <a class="user_option" title="Salir" href="javascript:sendLogout();">Salir</a>
    </div>
</div>


<div class="disponibility_container">
    <a id="disponibility_button" class="disponibility_button" title="Comprueba si tienes servicio" href="javascript:void(0);">Comprueba si tienes servicio<span></span></a>
    <div class="disponibility_content check_cp">
        <label class="disponibility_label">
            <input id="check_disponibility" type="text" maxlength="5" autocomplete="off">
            <span class="placeholder">Indica tu C.P.</span>
        </label>
        <a class="check_disponibility" title="Comprobar" href="javascript:checkServiceAvailability('SVC');" onclick="dataLayer.push({event:'event_gtm', category: 'experiencia usuario',action:'comprobar cobertura', label: $('#check_disponibility').val()});">COMPROBAR</a>
    </div>
    <div class="disponibility_content msg_cp">
        <p id="disponibility_ok" class="disponibility_text" style="display:none"><span>¡PERFECTO!</span>Tenemos servicio para la zona indicada</p>
        <p id="disponibility_ko" class="disponibility_text" style="display:none"><span>¡SERVICIO NO DISPONIBLE!</span>No tenemos servicio para la zona indicada</p>
    </div>
</div>



                <nav class="nav_container">
                    <ul class="menu_container">
                        <li id="quick_list_container" class="need_link_container">

                            <p class="need_link">¿Qué necesitas?</p>

                            <div id="notebook_container" class="notebook_container show" onclick="setTimeout(saveQuicklistState, 500)" style="display: none;"><div class="notebook">
    <div class="notebook_rings"></div>

    
        <p class="text_list">Escribe los productos que necesitas y compra más rápido. Por ejemplo:</p>
        <label class="list_container">
            <textarea id="quickListContent" class="list" onblur="javascript:setQuickList(this)"></textarea>
            <span id="quicklistPlaceHolder" class="placeholder">Sal<br>Paté<br>Cava</span>
        </label>
        <a class="orange_button" title="Buscar productos" href="javascript:void(0);" onclick="searchQuickList();">BUSCAR PRODUCTOS&nbsp;&nbsp;&gt;</a>

        <a class="white_button" title="Mis listas" href="javaScript: void(0);" onclick="javascript:initMiListasFromAsistente();dataLayer.push({event:'event_gtm', category:'acciones usuario', action:'ver mis listas'});">Mis listas</a>
    
</div>

</div>

                        </li>

                        
                            <li class="menu_link_container c01">
                                <span class="menu_link"><a title="Desplegar sección Alimentación" href="javascript:void(0);">Alimentación</a></span>
                                

                                    <div id="c01" name="c01" class="submenu">
                                        <ul class="submenu_container">
                                                    
                                                        

                                                            <li class="submenu_link_container">
                                                                <a class="submenu_link" title="Ir a sección Aceite y vinagre" href="/Alimentacion_Aceite-y-vinagre_c01_cat00020001_cat_es_ES.jsp">Aceite y vinagre</a>
                                                            </li>
                                                        

                                                            <li class="submenu_link_container">
                                                                <a class="submenu_link" title="Ir a sección Sal, salsas y especias" href="/Alimentacion_Sal-salsas-y-especias_c01_cat00020004_cat_es_ES.jsp">Sal, salsas y especias</a>
                                                            </li>
                                                        

                                                            <li class="submenu_link_container">
                                                                <a class="submenu_link" title="Ir a sección Arroz, pasta y legumbres secas" href="/Alimentacion_Arroz-pasta-y-legumbres-secas_c01_cat00090001_cat_es_ES.jsp">Arroz, pasta y legumbres secas</a>
                                                            </li>
                                                        

                                                            <li class="submenu_link_container">
                                                                <a class="submenu_link" title="Ir a sección Panes, harinas y masas" href="/Alimentacion_Panes-harinas-y-masas_c01_cat00190004_cat_es_ES.jsp">Panes, harinas y masas</a>
                                                            </li>
                                                        

                                                            <li class="submenu_link_container">
                                                                <a class="submenu_link" title="Ir a sección Caldos, cremas y purés" href="/Alimentacion_Caldos-cremas-y-pures_c01_cat00260001_cat_es_ES.jsp">Caldos, cremas y purés</a>
                                                            </li>
                                                        

                                                            <li class="submenu_link_container">
                                                                <a class="submenu_link" title="Ir a sección Patatas fritas y snacks" href="/Alimentacion_Patatas-fritas-y-snacks_c01_cat00050006_cat_es_ES.jsp">Patatas fritas y snacks</a>
                                                            </li>
                                                        

                                                            <li class="submenu_link_container">
                                                                <a class="submenu_link" title="Ir a sección Aceitunas y encurtidos" href="/Alimentacion_Aceitunas-y-encurtidos_c01_cat00050001_cat_es_ES.jsp">Aceitunas y encurtidos</a>
                                                            </li>
                                                        

                                                            <li class="submenu_link_container">
                                                                <a class="submenu_link" title="Ir a sección Frutos secos y deshidratados" href="/Alimentacion_Frutos-secos-y-deshidratados_c01_cat00050004_cat_es_ES.jsp">Frutos secos y deshidratados</a>
                                                            </li>
                                                        

                                                            <li class="submenu_link_container">
                                                                <a class="submenu_link" title="Ir a sección Conservas vegetales" href="/Alimentacion_Conservas-vegetales_c01_cat00130003_cat_es_ES.jsp">Conservas vegetales</a>
                                                            </li>
                                                        

                                                            <li class="submenu_link_container">
                                                                <a class="submenu_link" title="Ir a sección Conservas de carne" href="/Alimentacion_Conservas-de-carne_c01_cat00130001_cat_es_ES.jsp">Conservas de carne</a>
                                                            </li>
                                                        

                                                            <li class="submenu_link_container">
                                                                <a class="submenu_link" title="Ir a sección Conservas de pescado y marisco" href="/Alimentacion_Conservas-de-pescado-y-marisco_c01_cat00130002_cat_es_ES.jsp">Conservas de pescado y marisco</a>
                                                            </li>
                                                        

                                                            <li class="submenu_link_container">
                                                                <a class="submenu_link" title="Ir a sección Platos preparados" href="/Alimentacion_Platos-preparados_c01_cat00130008_cat_es_ES.jsp">Platos preparados</a>
                                                            </li>
                                                        

                                                            <li class="submenu_link_container">
                                                                <a class="submenu_link" title="Ir a sección Conservas de fruta" href="/Alimentacion_Conservas-de-fruta_c01_cat00130004_cat_es_ES.jsp">Conservas de fruta</a>
                                                            </li>
                                                        

                                                            <li class="submenu_link_container">
                                                                <a class="submenu_link" title="Ir a sección Dietéticos" href="/Alimentacion_Dieteticos_c01_cat00030001_cat_es_ES.jsp">Dietéticos</a>
                                                            </li>
                                                        
                                                
                                        </ul>

                                    

                                    </div>


                                
                            </li>
                        
                            <li class="menu_link_container c02">
                                <span class="menu_link"><a title="Desplegar sección Mundo placer" href="javascript:void(0);">Mundo placer</a></span>
                                

                                    <div id="c02" name="c02" class="submenu">
                                        <ul class="submenu_container">
                                                    
                                                        

                                                            <li class="submenu_link_container">
                                                                <a class="submenu_link" title="Ir a sección Chocolatinas y snacks" href="/Mundo-placer_Chocolatinas-y-snacks_c02_cat00110003_cat_es_ES.jsp">Chocolatinas y snacks</a>
                                                            </li>
                                                        

                                                            <li class="submenu_link_container">
                                                                <a class="submenu_link" title="Ir a sección Chocolates y bombones" href="/Mundo-placer_Chocolates-y-bombones_c02_cat00110002_cat_es_ES.jsp">Chocolates y bombones</a>
                                                            </li>
                                                        

                                                            <li class="submenu_link_container">
                                                                <a class="submenu_link" title="Ir a sección Cacao y cereales solubles" href="/Mundo-placer_Cacao-y-cereales-solubles_c02_cat00070002_cat_es_ES.jsp">Cacao y cereales solubles</a>
                                                            </li>
                                                        

                                                            <li class="submenu_link_container">
                                                                <a class="submenu_link" title="Ir a sección Café, té e infusiones" href="/Mundo-placer_Cafe-te-e-infusiones_c02_cat00070004_cat_es_ES.jsp">Café, té e infusiones</a>
                                                            </li>
                                                        

                                                            <li class="submenu_link_container">
                                                                <a class="submenu_link" title="Ir a sección Galletas" href="/Mundo-placer_Galletas_c02_cat00090003_cat_es_ES.jsp">Galletas</a>
                                                            </li>
                                                        

                                                            <li class="submenu_link_container">
                                                                <a class="submenu_link" title="Ir a sección Azúcar y edulcorantes" href="/Mundo-placer_Azucar-y-edulcorantes_c02_cat00170001_cat_es_ES.jsp">Azúcar y edulcorantes</a>
                                                            </li>
                                                        

                                                            <li class="submenu_link_container">
                                                                <a class="submenu_link" title="Ir a sección Postres y decoración" href="/Mundo-placer_Postres-y-decoracion_c02_cat00170006_cat_es_ES.jsp">Postres y decoración</a>
                                                            </li>
                                                        

                                                            <li class="submenu_link_container">
                                                                <a class="submenu_link" title="Ir a sección Caramelos y golosinas" href="/Mundo-placer_Caramelos-y-golosinas_c02_cat00170002_cat_es_ES.jsp">Caramelos y golosinas</a>
                                                            </li>
                                                        

                                                            <li class="submenu_link_container">
                                                                <a class="submenu_link" title="Ir a sección Pastelería y bollería" href="/Mundo-placer_Pasteleria-y-bolleria_c02_cat00170005_cat_es_ES.jsp">Pastelería y bollería</a>
                                                            </li>
                                                        

                                                            <li class="submenu_link_container">
                                                                <a class="submenu_link" title="Ir a sección Turrones y pastelería de navidad" href="/Mundo-placer_Turrones-y-pasteleria-de-navidad_c02_cat00170004_cat_es_ES.jsp">Turrones y pastelería de navidad</a>
                                                            </li>
                                                        

                                                            <li class="submenu_link_container">
                                                                <a class="submenu_link" title="Ir a sección Mermeladas y miel" href="/Mundo-placer_Mermeladas-y-miel_c02_cat00130005_cat_es_ES.jsp">Mermeladas y miel</a>
                                                            </li>
                                                        

                                                            <li class="submenu_link_container">
                                                                <a class="submenu_link" title="Ir a sección Cereales y barritas" href="/Mundo-placer_Cereales-y-barritas_c02_cat00090002_cat_es_ES.jsp">Cereales y barritas</a>
                                                            </li>
                                                        
                                                
                                        </ul>

                                    

                                    </div>


                                
                            </li>
                        
                            <li class="menu_link_container c03">
                                <span class="menu_link"><a title="Desplegar sección Frescos" href="javascript:void(0);">Frescos</a></span>
                                

                                    <div id="c03" name="c03" class="submenu">
                                        <ul class="submenu_container">
                                                    
                                                        

                                                            <li class="submenu_link_container">
                                                                <a class="submenu_link" title="Ir a sección Frutas" href="/Frescos_Frutas_c03_cat00150001_cat_es_ES.jsp">Frutas</a>
                                                            </li>
                                                        

                                                            <li class="submenu_link_container">
                                                                <a class="submenu_link" title="Ir a sección Verduras y hortalizas" href="/Frescos_Verduras-y-hortalizas_c03_cat00150002_cat_es_ES.jsp">Verduras y hortalizas</a>
                                                            </li>
                                                        

                                                            <li class="submenu_link_container">
                                                                <a class="submenu_link" title="Ir a sección Pescado y marisco" href="/Frescos_Pescado-y-marisco_c03_cat00290001_cat_es_ES.jsp">Pescado y marisco</a>
                                                            </li>
                                                        

                                                            <li class="submenu_link_container">
                                                                <a class="submenu_link" title="Ir a sección Aves y conejo" href="/Frescos_Aves-y-conejo_c03_cat00080001_cat_es_ES.jsp">Aves y conejo</a>
                                                            </li>
                                                        

                                                            <li class="submenu_link_container">
                                                                <a class="submenu_link" title="Ir a sección Cerdo" href="/Frescos_Cerdo_c03_cat00080002_cat_es_ES.jsp">Cerdo</a>
                                                            </li>
                                                        

                                                            <li class="submenu_link_container">
                                                                <a class="submenu_link" title="Ir a sección Vacuno y potro" href="/Frescos_Vacuno-y-potro_c03_cat00080005_cat_es_ES.jsp">Vacuno y potro</a>
                                                            </li>
                                                        

                                                            <li class="submenu_link_container">
                                                                <a class="submenu_link" title="Ir a sección Cordero y cabrito" href="/Frescos_Cordero-y-cabrito_c03_cat00080003_cat_es_ES.jsp">Cordero y cabrito</a>
                                                            </li>
                                                        

                                                            <li class="submenu_link_container">
                                                                <a class="submenu_link" title="Ir a sección Huevos" href="/Frescos_Huevos_c03_cat00080004_cat_es_ES.jsp">Huevos</a>
                                                            </li>
                                                        

                                                            <li class="submenu_link_container">
                                                                <a class="submenu_link" title="Ir a sección Charcutería" href="/Frescos_Charcuteria_c03_cat00100002_cat_es_ES.jsp">Charcutería</a>
                                                            </li>
                                                        

                                                            <li class="submenu_link_container">
                                                                <a class="submenu_link" title="Ir a sección Quesos" href="/Frescos_Quesos_c03_cat00230001_cat_es_ES.jsp">Quesos</a>
                                                            </li>
                                                        

                                                            <li class="submenu_link_container">
                                                                <a class="submenu_link" title="Ir a sección Ahumados y salazones" href="/Frescos_Ahumados-y-salazones_c03_cat00210010_cat_es_ES.jsp">Ahumados y salazones</a>
                                                            </li>
                                                        
                                                
                                        </ul>

                                    

                                    </div>


                                
                            </li>
                        
                            <li class="menu_link_container c04">
                                <span class="menu_link"><a title="Desplegar sección Refrigerados" href="javascript:void(0);">Refrigerados</a></span>
                                

                                    <div id="c04" name="c04" class="submenu">
                                        <ul class="submenu_container">
                                                    
                                                        

                                                            <li class="submenu_link_container">
                                                                <a class="submenu_link" title="Ir a sección Yogures" href="/Refrigerados_Yogures_c04_cat00210012_cat_es_ES.jsp">Yogures</a>
                                                            </li>
                                                        

                                                            <li class="submenu_link_container">
                                                                <a class="submenu_link" title="Ir a sección Postres y nata" href="/Refrigerados_Postres-y-nata_c04_cat00210009_cat_es_ES.jsp">Postres y nata</a>
                                                            </li>
                                                        

                                                            <li class="submenu_link_container">
                                                                <a class="submenu_link" title="Ir a sección Mantequillas y margarina" href="/Refrigerados_Mantequillas-y-margarina_c04_cat00210006_cat_es_ES.jsp">Mantequillas y margarina</a>
                                                            </li>
                                                        

                                                            <li class="submenu_link_container">
                                                                <a class="submenu_link" title="Ir a sección Bebida Vegetal, batidos y horchata" href="/Refrigerados_Bebida-Vegetal-batidos-y-horchata_c04_cat00210002_cat_es_ES.jsp">Bebida Vegetal, batidos y horchata</a>
                                                            </li>
                                                        

                                                            <li class="submenu_link_container">
                                                                <a class="submenu_link" title="Ir a sección Pasta y salsa fresca" href="/Refrigerados_Pasta-y-salsa-fresca_c04_cat00240005_cat_es_ES.jsp">Pasta y salsa fresca</a>
                                                            </li>
                                                        

                                                            <li class="submenu_link_container">
                                                                <a class="submenu_link" title="Ir a sección Pizzas frescas" href="/Refrigerados_Pizzas-frescas_c04_cat00240006_cat_es_ES.jsp">Pizzas frescas</a>
                                                            </li>
                                                        

                                                            <li class="submenu_link_container">
                                                                <a class="submenu_link" title="Ir a sección Platos preparados refrigerados" href="/Refrigerados_Platos-preparados-refrigerados_c04_cat119009_cat_es_ES.jsp">Platos preparados refrigerados</a>
                                                            </li>
                                                        
                                                
                                        </ul>

                                    

                                    </div>


                                
                            </li>
                        
                            <li class="menu_link_container c05">
                                <span class="menu_link"><a title="Desplegar sección Congelados" href="javascript:void(0);">Congelados</a></span>
                                

                                    <div id="c05" name="c05" class="submenu">
                                        <ul class="submenu_container">
                                                    
                                                        

                                                            <li class="submenu_link_container">
                                                                <a class="submenu_link" title="Ir a sección Verdura congelada" href="/Congelados_Verdura-congelada_c05_cat00120007_cat_es_ES.jsp">Verdura congelada</a>
                                                            </li>
                                                        

                                                            <li class="submenu_link_container">
                                                                <a class="submenu_link" title="Ir a sección Pescado congelado" href="/Congelados_Pescado-congelado_c05_cat00120002_cat_es_ES.jsp">Pescado congelado</a>
                                                            </li>
                                                        

                                                            <li class="submenu_link_container">
                                                                <a class="submenu_link" title="Ir a sección Platos preparados congelados" href="/Congelados_Platos-preparados-congelados_c05_cat00120005_cat_es_ES.jsp">Platos preparados congelados</a>
                                                            </li>
                                                        

                                                            <li class="submenu_link_container">
                                                                <a class="submenu_link" title="Ir a sección Pizzas congeladas y masas" href="/Congelados_Pizzas-congeladas-y-masas_c05_cat00120003_cat_es_ES.jsp">Pizzas congeladas y masas</a>
                                                            </li>
                                                        

                                                            <li class="submenu_link_container">
                                                                <a class="submenu_link" title="Ir a sección Panadería y pastelería congelada" href="/Congelados_Panaderia-y-pasteleria-congelada_c05_cat00120006_cat_es_ES.jsp">Panadería y pastelería congelada</a>
                                                            </li>
                                                        

                                                            <li class="submenu_link_container">
                                                                <a class="submenu_link" title="Ir a sección Helados" href="/Congelados_Helados_c05_cat00120001_cat_es_ES.jsp">Helados</a>
                                                            </li>
                                                        

                                                            <li class="submenu_link_container">
                                                                <a class="submenu_link" title="Ir a sección Hielo y otros congelados" href="/Congelados_Hielo-y-otros-congelados_c05_cat00120004_cat_es_ES.jsp">Hielo y otros congelados</a>
                                                            </li>
                                                        
                                                
                                        </ul>

                                    

                                    </div>


                                
                            </li>
                        
                            <li class="menu_link_container c06">
                                <span class="menu_link"><a title="Desplegar sección Bodega" href="javascript:void(0);">Bodega</a></span>
                                

                                    <div id="c06" name="c06" class="submenu">
                                        <ul class="submenu_container">
                                                    
                                                        

                                                            <li class="submenu_link_container">
                                                                <a class="submenu_link" title="Ir a sección Vinos tintos" href="/Bodega_Vinos-tintos_c06_cat00220005_cat_es_ES.jsp">Vinos tintos</a>
                                                            </li>
                                                        

                                                            <li class="submenu_link_container">
                                                                <a class="submenu_link" title="Ir a sección Vinos blancos" href="/Bodega_Vinos-blancos_c06_cat00220004_cat_es_ES.jsp">Vinos blancos</a>
                                                            </li>
                                                        

                                                            <li class="submenu_link_container">
                                                                <a class="submenu_link" title="Ir a sección Vinos rosados" href="/Bodega_Vinos-rosados_c06_cat00270002_cat_es_ES.jsp">Vinos rosados</a>
                                                            </li>
                                                        

                                                            <li class="submenu_link_container">
                                                                <a class="submenu_link" title="Ir a sección Finos, moscateles y vermuts" href="/Bodega_Finos-moscateles-y-vermuts_c06_cat00270003_cat_es_ES.jsp">Finos, moscateles y vermuts</a>
                                                            </li>
                                                        

                                                            <li class="submenu_link_container">
                                                                <a class="submenu_link" title="Ir a sección Vino de mesa y sangrías" href="/Bodega_Vino-de-mesa-y-sangrias_c06_cat00050009_cat_es_ES.jsp">Vino de mesa y sangrías</a>
                                                            </li>
                                                        

                                                            <li class="submenu_link_container">
                                                                <a class="submenu_link" title="Ir a sección Cava, champán y sidra" href="/Bodega_Cava-champan-y-sidra_c06_cat00220001_cat_es_ES.jsp">Cava, champán y sidra</a>
                                                            </li>
                                                        

                                                            <li class="submenu_link_container">
                                                                <a class="submenu_link" title="Ir a sección Licores" href="/Bodega_Licores_c06_cat00220002_cat_es_ES.jsp">Licores</a>
                                                            </li>
                                                        
                                                
                                        </ul>

                                    

                                    </div>


                                
                            </li>
                        
                            <li class="menu_link_container c07">
                                <span class="menu_link"><a title="Desplegar sección Bebidas" href="javascript:void(0);">Bebidas</a></span>
                                

                                    <div id="c07" name="c07" class="submenu">
                                        <ul class="submenu_container">
                                                    
                                                        

                                                            <li class="submenu_link_container">
                                                                <a class="submenu_link" title="Ir a sección Aguas y gaseosas" href="/Bebidas_Aguas-y-gaseosas_c07_cat00280001_cat_es_ES.jsp">Aguas y gaseosas</a>
                                                            </li>
                                                        

                                                            <li class="submenu_link_container">
                                                                <a class="submenu_link" title="Ir a sección Energéticas e isotónicas" href="/Bebidas_Energeticas-e-isotonicas_c07_cat00280004_cat_es_ES.jsp">Energéticas e isotónicas</a>
                                                            </li>
                                                        

                                                            <li class="submenu_link_container">
                                                                <a class="submenu_link" title="Ir a sección Zumos y cafés" href="/Bebidas_Zumos-y-cafes_c07_cat00280003_cat_es_ES.jsp">Zumos y cafés</a>
                                                            </li>
                                                        

                                                            <li class="submenu_link_container">
                                                                <a class="submenu_link" title="Ir a sección Bebida Vegetal, batidos y horchata" href="/Bebidas_Bebida-Vegetal-batidos-y-horchata_c07_cat00210002_cat_es_ES.jsp">Bebida Vegetal, batidos y horchata</a>
                                                            </li>
                                                        

                                                            <li class="submenu_link_container">
                                                                <a class="submenu_link" title="Ir a sección Leche" href="/Bebidas_Leche_c07_cat00210003_cat_es_ES.jsp">Leche</a>
                                                            </li>
                                                        

                                                            <li class="submenu_link_container">
                                                                <a class="submenu_link" title="Ir a sección Refrescos" href="/Bebidas_Refrescos_c07_cat00280002_cat_es_ES.jsp">Refrescos</a>
                                                            </li>
                                                        

                                                            <li class="submenu_link_container">
                                                                <a class="submenu_link" title="Ir a sección Cervezas" href="/Bebidas_Cervezas_c07_cat00270001_cat_es_ES.jsp">Cervezas</a>
                                                            </li>
                                                        
                                                
                                        </ul>

                                    

                                    </div>


                                
                            </li>
                        
                            <li class="menu_link_container c08">
                                <span class="menu_link"><a title="Desplegar sección Perfumeria e higiene" href="javascript:void(0);">Perfumeria e higiene</a></span>
                                

                                    <div id="c08" name="c08" class="submenu">
                                        <ul class="submenu_container">
                                                    
                                                        

                                                            <li class="submenu_link_container">
                                                                <a class="submenu_link" title="Ir a sección Productos capilares" href="/Perfumeria-e-higiene_Productos-capilares_c08_cat00160007_cat_es_ES.jsp">Productos capilares</a>
                                                            </li>
                                                        

                                                            <li class="submenu_link_container">
                                                                <a class="submenu_link" title="Ir a sección Productos corporales" href="/Perfumeria-e-higiene_Productos-corporales_c08_cat00160008_cat_es_ES.jsp">Productos corporales</a>
                                                            </li>
                                                        

                                                            <li class="submenu_link_container">
                                                                <a class="submenu_link" title="Ir a sección Desodorantes" href="/Perfumeria-e-higiene_Desodorantes_c08_cat00160004_cat_es_ES.jsp">Desodorantes</a>
                                                            </li>
                                                        

                                                            <li class="submenu_link_container">
                                                                <a class="submenu_link" title="Ir a sección Colonias y perfumes" href="/Perfumeria-e-higiene_Colonias-y-perfumes_c08_cat00160001_cat_es_ES.jsp">Colonias y perfumes</a>
                                                            </li>
                                                        

                                                            <li class="submenu_link_container">
                                                                <a class="submenu_link" title="Ir a sección Productos de afeitado" href="/Perfumeria-e-higiene_Productos-de-afeitado_c08_cat00160009_cat_es_ES.jsp">Productos de afeitado</a>
                                                            </li>
                                                        

                                                            <li class="submenu_link_container">
                                                                <a class="submenu_link" title="Ir a sección Cosméticos" href="/Perfumeria-e-higiene_Cosmeticos_c08_cat00160003_cat_es_ES.jsp">Cosméticos</a>
                                                            </li>
                                                        

                                                            <li class="submenu_link_container">
                                                                <a class="submenu_link" title="Ir a sección Higiene bucal" href="/Perfumeria-e-higiene_Higiene-bucal_c08_cat00160005_cat_es_ES.jsp">Higiene bucal</a>
                                                            </li>
                                                        

                                                            <li class="submenu_link_container">
                                                                <a class="submenu_link" title="Ir a sección Parafarmacia" href="/Perfumeria-e-higiene_Parafarmacia_c08_cat00010012_cat_es_ES.jsp">Parafarmacia</a>
                                                            </li>
                                                        

                                                            <li class="submenu_link_container">
                                                                <a class="submenu_link" title="Ir a sección Higiene femenina" href="/Perfumeria-e-higiene_Higiene-femenina_c08_cat00160006_cat_es_ES.jsp">Higiene femenina</a>
                                                            </li>
                                                        

                                                            <li class="submenu_link_container">
                                                                <a class="submenu_link" title="Ir a sección Productos solares" href="/Perfumeria-e-higiene_Productos-solares_c08_cat00160010_cat_es_ES.jsp">Productos solares</a>
                                                            </li>
                                                        

                                                            <li class="submenu_link_container">
                                                                <a class="submenu_link" title="Ir a sección Depilación" href="/Perfumeria-e-higiene_Depilacion_c08_cat00160011_cat_es_ES.jsp">Depilación</a>
                                                            </li>
                                                        
                                                
                                        </ul>

                                    

                                    </div>


                                
                            </li>
                        
                            <li class="menu_link_container c09">
                                <span class="menu_link"><a title="Desplegar sección Limpieza y hogar" href="javascript:void(0);">Limpieza y hogar</a></span>
                                

                                    <div id="c09" name="c09" class="submenu">
                                        <ul class="submenu_container">
                                                    
                                                        

                                                            <li class="submenu_link_container">
                                                                <a class="submenu_link" title="Ir a sección Lavado de la ropa y planchado" href="/Limpieza-y-hogar_Lavado-de-la-ropa-y-planchado_c09_cat00140002_cat_es_ES.jsp">Lavado de la ropa y planchado</a>
                                                            </li>
                                                        

                                                            <li class="submenu_link_container">
                                                                <a class="submenu_link" title="Ir a sección Lejías y otros desinfectantes" href="/Limpieza-y-hogar_Lejias-y-otros-desinfectantes_c09_cat00140005_cat_es_ES.jsp">Lejías y otros desinfectantes</a>
                                                            </li>
                                                        

                                                            <li class="submenu_link_container">
                                                                <a class="submenu_link" title="Ir a sección Limpiahogares" href="/Limpieza-y-hogar_Limpiahogares_c09_cat00010009_cat_es_ES.jsp">Limpiahogares</a>
                                                            </li>
                                                        

                                                            <li class="submenu_link_container">
                                                                <a class="submenu_link" title="Ir a sección Utensilios de limpieza" href="/Limpieza-y-hogar_Utensilios-de-limpieza_c09_cat00010001_cat_es_ES.jsp">Utensilios de limpieza</a>
                                                            </li>
                                                        

                                                            <li class="submenu_link_container">
                                                                <a class="submenu_link" title="Ir a sección Lavavajillas" href="/Limpieza-y-hogar_Lavavajillas_c09_cat00140004_cat_es_ES.jsp">Lavavajillas</a>
                                                            </li>
                                                        

                                                            <li class="submenu_link_container">
                                                                <a class="submenu_link" title="Ir a sección Ambientadores" href="/Limpieza-y-hogar_Ambientadores_c09_cat00140001_cat_es_ES.jsp">Ambientadores</a>
                                                            </li>
                                                        

                                                            <li class="submenu_link_container">
                                                                <a class="submenu_link" title="Ir a sección Insecticidas" href="/Limpieza-y-hogar_Insecticidas_c09_cat00140003_cat_es_ES.jsp">Insecticidas</a>
                                                            </li>
                                                        

                                                            <li class="submenu_link_container">
                                                                <a class="submenu_link" title="Ir a sección Celulosa, plástico y artículos deshechables" href="/Limpieza-y-hogar_Celulosa-plastico-y-articulos-deshechables_c09_cat00010005_cat_es_ES.jsp">Celulosa, plástico y artículos deshechables</a>
                                                            </li>
                                                        

                                                            <li class="submenu_link_container">
                                                                <a class="submenu_link" title="Ir a sección Básicos en el hogar" href="/Limpieza-y-hogar_Basicos-en-el-hogar_c09_cat00010004_cat_es_ES.jsp">Básicos en el hogar</a>
                                                            </li>
                                                        

                                                            <li class="submenu_link_container">
                                                                <a class="submenu_link" title="Ir a sección Básicos en la cocina" href="/Limpieza-y-hogar_Basicos-en-la-cocina_c09_cat00010010_cat_es_ES.jsp">Básicos en la cocina</a>
                                                            </li>
                                                        

                                                            <li class="submenu_link_container">
                                                                <a class="submenu_link" title="Ir a sección Jardinería y barbacoa" href="/Limpieza-y-hogar_Jardineria-y-barbacoa_c09_cat00010003_cat_es_ES.jsp">Jardinería y barbacoa</a>
                                                            </li>
                                                        
                                                
                                        </ul>

                                    

                                    </div>


                                
                            </li>
                        
                            <li class="menu_link_container c10">
                                <span class="menu_link"><a title="Desplegar sección Mundo bebe" href="javascript:void(0);">Mundo bebe</a></span>
                                

                                    <div id="c10" name="c10" class="submenu">
                                        <ul class="submenu_container">
                                                    
                                                        

                                                            <li class="submenu_link_container">
                                                                <a class="submenu_link" title="Ir a sección Pañales y toallitas" href="/Mundo-bebe_Panales-y-toallitas_c10_cat00060004_cat_es_ES.jsp">Pañales y toallitas</a>
                                                            </li>
                                                        

                                                            <li class="submenu_link_container">
                                                                <a class="submenu_link" title="Ir a sección Higiene y perfumería infantil" href="/Mundo-bebe_Higiene-y-perfumeria-infantil_c10_cat00060006_cat_es_ES.jsp">Higiene y perfumería infantil</a>
                                                            </li>
                                                        

                                                            <li class="submenu_link_container">
                                                                <a class="submenu_link" title="Ir a sección Potitos y platos infantiles" href="/Mundo-bebe_Potitos-y-platos-infantiles_c10_cat00060001_cat_es_ES.jsp">Potitos y platos infantiles</a>
                                                            </li>
                                                        

                                                            <li class="submenu_link_container">
                                                                <a class="submenu_link" title="Ir a sección Papillas" href="/Mundo-bebe_Papillas_c10_cat00060005_cat_es_ES.jsp">Papillas</a>
                                                            </li>
                                                        

                                                            <li class="submenu_link_container">
                                                                <a class="submenu_link" title="Ir a sección Leche, yogur i agua infantil" href="/Mundo-bebe_Leche-yogur-i-agua-infantil_c10_cat00060003_cat_es_ES.jsp">Leche, yogur i agua infantil</a>
                                                            </li>
                                                        
                                                
                                        </ul>

                                    

                                    </div>


                                
                            </li>
                        
                            <li class="menu_link_container c11">
                                <span class="menu_link"><a title="Desplegar sección Mundo mascota" href="javascript:void(0);">Mundo mascota</a></span>
                                

                                    <div id="c11" name="c11" class="submenu">
                                        <ul class="submenu_container">
                                                    
                                                        

                                                            <li class="submenu_link_container">
                                                                <a class="submenu_link" title="Ir a sección Alimentos para perros" href="/Mundo-mascota_Alimentos-para-perros_c11_cat00040004_cat_es_ES.jsp">Alimentos para perros</a>
                                                            </li>
                                                        

                                                            <li class="submenu_link_container">
                                                                <a class="submenu_link" title="Ir a sección Alimentos para gatos" href="/Mundo-mascota_Alimentos-para-gatos_c11_cat00040002_cat_es_ES.jsp">Alimentos para gatos</a>
                                                            </li>
                                                        

                                                            <li class="submenu_link_container">
                                                                <a class="submenu_link" title="Ir a sección Alimentos para otros animales" href="/Mundo-mascota_Alimentos-para-otros-animales_c11_cat00040005_cat_es_ES.jsp">Alimentos para otros animales</a>
                                                            </li>
                                                        

                                                            <li class="submenu_link_container">
                                                                <a class="submenu_link" title="Ir a sección Accesorios para animales" href="/Mundo-mascota_Accesorios-para-animales_c11_cat00040001_cat_es_ES.jsp">Accesorios para animales</a>
                                                            </li>
                                                        
                                                
                                        </ul>

                                    

                                    </div>


                                
                            </li>
                        
                    </ul>
                </nav>
</div></header>




        <main id="main_container" class="main_container" itemprop="mainContentOfPage">
            
                <div class="content_container">

    <div class="top_container">
        <span class="breadcrumbs">Estás en: Alimentación &gt; Panes, harinas y masas</span>
        <h1 class="title">Panes, harinas y masas</h1>
        <label class="order_container">
            Ordenar por:
            <select name="sorting" id="sorting" onchange="changeSortingCriteria(this, false)">
                <option value="relevance">Relevancia</option>
                <option value="alpha">Nombre</option>
                <option value="price">Precio</option>
            </select>
        </label>
    </div>

    
        <aside class="banner_container">
            
                
                    <a class="banner_link" title="Servicio de ahorro CondisLine Prime" href="/banner?catId=CONDISLINE_PRIME&amp;title=Servicio de ahorro CondisLine Prime&amp;source=banner">
                
            

             <img class="banner" alt="Servicio de ahorro CondisLine Prime" src="//static.condisline.com/resize_708x108/images/banners/upselling/condisLinePrime/2023_es.jpg" data-gtm-vis-recent-on-screen8242416_15="1242" data-gtm-vis-first-on-screen8242416_15="1242" data-gtm-vis-total-visible-time8242416_15="100" data-gtm-vis-has-fired8242416_15="1">

            
                </a>
            
        </aside>
    

    

<aside class="filter_section" style="display: block; margin-top: -205px; position: static;">
    
        <input type="hidden" id="famId" value="cat00190004">
    

    
        <input type="hidden" id="secId" value="c01">
    

    <!--OTROS FILTROS-->
    
        <div class="filter_container">
            <div class="title_filter_container">
                <span class="title_filter">FILTROS</span>
            </div>
            
                <label class="check_container filters gluten">
                    <input type="checkbox" name="noGluten" id="noGluten" onclick="javascript:setOtherFilter(this, 'noGluten', false)">
                    Sin Gluten <span>(3)</span>
                </label>
            
            
                <label class="check_container filters lactose">
                    <input type="checkbox" name="noLactose" id="noLactose" onclick="javascript:setOtherFilter(this, 'noLactose', false)">
                    Sin Lactosa <span>(1)</span>
                </label>
            
            
                <label class="check_container filters promotion">
                    <input type="checkbox" name="onPromotion" id="onPromotion" onclick="javascript:setOtherFilter(this, 'onPromotion', false)">
                    Promociones <span>(2)</span>
                </label>
            
            
            
                <label class="check_container filters condisBrand">
                    <input type="checkbox" name="condisBrand" id="condisBrand" onclick="javascript:setOtherFilter(this, 'condisBrand', false)">
                    Marca Propia <span>(15)</span>
                </label>
            
            <!--
            
                <label class="check_container">
                    <input type="checkbox" name="on_sale_filter" id="on_sale_filter" onclick="javascript:setOtherFilter(this, 'on_sale_filter', false)">
                    Oferta <span>(3)</span>
                </label>
            
            -->
        </div>
    

    <!--Variedad-->
    
        <div class="filter_container">
            <div class="title_filter_container">
                <h2 class="title_filter">VARIEDAD</h2>
            </div>

            

                <label class="check_container">
                    <input type="checkbox" name="cat001700030002" id="cat001700030002" onclick="javascript:setVariety(this, 'cat001700030002', false)">
                    Bastoncillos, picatostes y otros <span>(26)</span>
                </label>
            

                <label class="check_container">
                    <input type="checkbox" name="cat001900020001" id="cat001900020001" onclick="javascript:setVariety(this, 'cat001900020001', false)">
                    Harinas y levaduras <span>(21)</span>
                </label>
            

                <label class="check_container">
                    <input type="checkbox" name="cat001700030008" id="cat001700030008" onclick="javascript:setVariety(this, 'cat001700030008', false)">
                    Pan tostado <span>(19)</span>
                </label>
            

                <label class="check_container">
                    <input type="checkbox" name="cat001700030001" id="cat001700030001" onclick="javascript:setVariety(this, 'cat001700030001', false)">
                    Masas, bases y hojaldres <span>(16)</span>
                </label>
            

                <label class="check_container">
                    <input type="checkbox" name="cat001700030012" id="cat001700030012" onclick="javascript:setVariety(this, 'cat001700030012', false)">
                    Pan de molde <span>(16)</span>
                </label>
            

                <label class="check_container">
                    <input type="checkbox" name="cat001700030010" id="cat001700030010" onclick="javascript:setVariety(this, 'cat001700030010', false)">
                    Pan especialidades <span>(13)</span>
                </label>
            

                <label class="check_container">
                    <input type="checkbox" name="cat001700030014" id="cat001700030014" onclick="javascript:setVariety(this, 'cat001700030014', false)">
                    Pan burger, hot dogs y otros <span>(13)</span>
                </label>
            

                <label class="check_container">
                    <input type="checkbox" name="cat001900020007" id="cat001900020007" onclick="javascript:setVariety(this, 'cat001900020007', false)">
                    Pan rallado <span>(5)</span>
                </label>
            
        </div>
    

    <!--Marca -->
    
        <div class="filter_container">
            <div class="title_filter_container">
                <h2 class="title_filter">MARCAS</h2>
            </div>

            
                <label class="check_container">
                    <input type="checkbox" name="2837" id="2837" onclick="javascript:setBrand(this, '2837', false)">
                    ALTEZA <span>(1)</span>
                </label>
            
                <label class="check_container">
                    <input type="checkbox" name="1221" id="1221" onclick="javascript:setBrand(this, '1221', false)">
                    BIMBO <span>(15)</span>
                </label>
            
                <label class="check_container">
                    <input type="checkbox" name="192" id="192" onclick="javascript:setBrand(this, '192', false)">
                    BUITONI <span>(8)</span>
                </label>
            
                <label class="check_container">
                    <input type="checkbox" name="257" id="257" onclick="javascript:setBrand(this, '257', false)">
                    CASA TARRADELLAS <span>(5)</span>
                </label>
            
                <label class="check_container">
                    <input type="checkbox" name="330" id="330" onclick="javascript:setBrand(this, '330', false)">
                    CONDIS <span>(14)</span>
                </label>
            
                <label class="check_container">
                    <input type="checkbox" name="2728" id="2728" onclick="javascript:setBrand(this, '2728', false)">
                    DAS LANDKNÄCKE <span>(2)</span>
                </label>
            
                <label class="check_container">
                    <input type="checkbox" name="664" id="664" onclick="javascript:setBrand(this, '664', false)">
                    EUROPASTRY <span>(1)</span>
                </label>
            
                <label class="check_container">
                    <input type="checkbox" name="2393" id="2393" onclick="javascript:setBrand(this, '2393', false)">
                    FINA <span>(5)</span>
                </label>
            
                <label class="check_container">
                    <input type="checkbox" name="701" id="701" onclick="javascript:setBrand(this, '701', false)">
                    FLORETTE <span>(3)</span>
                </label>
            
                <label class="check_container">
                    <input type="checkbox" name="750" id="750" onclick="javascript:setBrand(this, '750', false)">
                    GALLO <span>(9)</span>
                </label>
            
                <label class="check_container">
                    <input type="checkbox" name="815" id="815" onclick="javascript:setBrand(this, '815', false)">
                    HARIMSA <span>(3)</span>
                </label>
            
                <label class="check_container">
                    <input type="checkbox" name="1797" id="1797" onclick="javascript:setBrand(this, '1797', false)">
                    KRISPROLLS <span>(2)</span>
                </label>
            
                <label class="check_container">
                    <input type="checkbox" name="465" id="465" onclick="javascript:setBrand(this, '465', false)">
                    LA COCINERA <span>(1)</span>
                </label>
            
                <label class="check_container">
                    <input type="checkbox" name="2387" id="2387" onclick="javascript:setBrand(this, '2387', false)">
                    LA RÚSTICA <span>(18)</span>
                </label>
            
                <label class="check_container">
                    <input type="checkbox" name="2456" id="2456" onclick="javascript:setBrand(this, '2456', false)">
                    LAS PANAERAS <span>(3)</span>
                </label>
            
                <label class="check_container">
                    <input type="checkbox" name="1965" id="1965" onclick="javascript:setBrand(this, '1965', false)">
                    LEVANOVA <span>(1)</span>
                </label>
            
                <label class="check_container">
                    <input type="checkbox" name="1399" id="1399" onclick="javascript:setBrand(this, '1399', false)">
                    MAIZENA <span>(1)</span>
                </label>
            
                <label class="check_container">
                    <input type="checkbox" name="1499" id="1499" onclick="javascript:setBrand(this, '1499', false)">
                    MONTES LARA <span>(6)</span>
                </label>
            
                <label class="check_container">
                    <input type="checkbox" name="1557" id="1557" onclick="javascript:setBrand(this, '1557', false)">
                    NOMEN <span>(2)</span>
                </label>
            
                <label class="check_container">
                    <input type="checkbox" name="1593" id="1593" onclick="javascript:setBrand(this, '1593', false)">
                    OROWEAT <span>(2)</span>
                </label>
            
                <label class="check_container">
                    <input type="checkbox" name="1304" id="1304" onclick="javascript:setBrand(this, '1304', false)">
                    ORTIZ <span>(5)</span>
                </label>
            
                <label class="check_container">
                    <input type="checkbox" name="1705" id="1705" onclick="javascript:setBrand(this, '1705', false)">
                    QUELY <span>(2)</span>
                </label>
            
                <label class="check_container">
                    <input type="checkbox" name="884" id="884" onclick="javascript:setBrand(this, '884', false)">
                    RECONDO <span>(5)</span>
                </label>
            
                <label class="check_container">
                    <input type="checkbox" name="918" id="918" onclick="javascript:setBrand(this, '918', false)">
                    ROYAL <span>(2)</span>
                </label>
            
                <label class="check_container">
                    <input type="checkbox" name="6" id="6" onclick="javascript:setBrand(this, '6', false)">
                    SAN NARCISO <span>(1)</span>
                </label>
            
                <label class="check_container">
                    <input type="checkbox" name="2193" id="2193" onclick="javascript:setBrand(this, '2193', false)">
                    SCHAR <span>(1)</span>
                </label>
            
                <label class="check_container">
                    <input type="checkbox" name="984" id="984" onclick="javascript:setBrand(this, '984', false)">
                    SILUETA <span>(2)</span>
                </label>
            
                <label class="check_container">
                    <input type="checkbox" name="995" id="995" onclick="javascript:setBrand(this, '995', false)">
                    SNATTS <span>(5)</span>
                </label>
            
                <label class="check_container">
                    <input type="checkbox" name="2688" id="2688" onclick="javascript:setBrand(this, '2688', false)">
                    SOL NATURAL <span>(1)</span>
                </label>
            
                <label class="check_container">
                    <input type="checkbox" name="1907" id="1907" onclick="javascript:setBrand(this, '1907', false)">
                    THE RUSTIK BAKERY <span>(2)</span>
                </label>
            
                <label class="check_container">
                    <input type="checkbox" name="1283" id="1283" onclick="javascript:setBrand(this, '1283', false)">
                    VAHINE <span>(1)</span>
                </label>
            
        </div>
    

    <!--PRECIO-->
    
        <div class="filter_container">
            <span class="title_filter">PRECIO</span>
            
                <div id="range_slider" class="ui-slider ui-slider-horizontal ui-widget ui-widget-content ui-corner-all"><div class="ui-slider-range ui-widget-header ui-corner-all" style="left: 0%; width: 100%;"></div><span class="ui-slider-handle ui-state-default ui-corner-all" tabindex="0" style="left: 0%;"></span><span class="ui-slider-handle ui-state-default ui-corner-all" tabindex="0" style="left: 100%;"></span></div>
                    <span id="min_price" class="price min">0.49€</span>
                    <span id="max_price" class="price max">3.49€</span>
                    <input id="max_init_price" type="hidden" value="3.49">
                    <input id="min_init_price" type="hidden" value="0.49">
                    <input id="max_price_slide" type="hidden" value="3.49">
                    <input id="min_price_slide" type="hidden" value="0.49">
            
        </div>
    

    <!-- KCALORIAS -->
    
        <div class="filter_container">
            <span class="title_filter">KCAL</span>

            
                <div class="slider_container">
                    <div id="slider_bar" class="slider_range" style="width: 100%;">
                        <span id="kcal" class="selected_kcal">511</span>
                    </div>

                    <img class="slider_mask" alt="Control deslizante" src="//static.condisline.com/static-app/j2_233f/images/slider-mask.png" width="183">
                    <div id="slider" class="ui-slider ui-slider-horizontal ui-widget ui-widget-content ui-corner-all"><span class="ui-slider-handle ui-state-default ui-corner-all" tabindex="0" style="left: 100%;"></span></div>
                </div>

                <span id="min_kal" class="kcal min">184.0</span>
                <span id="max_kal" class="kcal max">511.0</span>

                <input id="min_kcal_slide" type="hidden" value="184.0">
                <input id="max_kcal_slide" type="hidden" value="511.0">
                <input id="max_init_kcal" type="hidden" value="511.0">
            

        </div>
    


</aside>

    <section id="articles_section" class="articles_section">
        <div id="articles_section_div" class="articles_scroll">
            <script>
    
        window.position = 1;
    

    
        window.moreProducts = true;
    

    window.actualPage = 0;

</script>

<script>
    startFiltersAndNotebook();
</script>


    <ul id="carousel_articles" class="articles_list" itemscope="" itemtype="http://schema.org/ItemList">
        
            <li class="article" itemprop="itemListElement" itemscope="" itemtype="http://schema.org/Product">
                
    <article class="article_container" id="item_description_121698">


    
        <a class="article_name" title="Ver ficha de MASA PIZZA BUITONI FINISSIMA MAXI 350 G" href="/MASA-PIZZA-BUITONI-FINISSIMA-MAXI-350-G_121698_prd_es_ES.jsp" itemprop="url"><span itemprop="name" id="description_text">MASA PIZZA BUITONI FINISSIMA MAXI 350 G</span></a>
    

        <!--informacion de gluten y calorias -->
        <div class="info_container">

            
                <span class="calories">280 <span>kcal</span></span>
                <a class="info" title="Producto con 280 kilocalorías" href="javascript:void(0);">
                    <span class="info_text">Producto con 280 kilocalorías.</span>
                </a>
            

            
                
                    <img class="info_icon" alt="10% Descuento para suscriptores Condisline Prime" src="//static.condisline.com/resize_39x39/images/product_icons/icon_subscription.png" width="39" height="39">

                    
                        <a class="info" title="10% Descuento para suscriptores Condisline Prime" href="javascript:void(0);">
                            <span class="info_text">10% Descuento para suscriptores Condisline Prime</span>
                        </a>
                    
                
            
        </div>

        <img class="article_image" alt="MASA PIZZA BUITONI FINISSIMA MAXI 350 G" data-original="//static.condisline.com/resize_190x200/images/catalog/large/121698.jpg" src="//static.condisline.com/resize_190x200/images/catalog/large/121698.jpg" width="190" height="200" style="display: block;">

        <meta itemprop="image" content="//static.condisline.com/resize_190x200/images/catalog/large/121698.jpg">

        <div class="article_price_container" itemprop="offers" itemscope="" itemtype="http://schema.org/Offer">

            <!-- Price -->
            
                
                    <span class="offer">Segunda Unidad 50%</span>
                
                <span class="article_price" itemprop="price"><span id="list_price_121698">2,79</span></span>
                <span class="currency">€</span>
                <script>
                    formatNumber('2.79', 'list_price_121698');
                </script>
            

            <meta itemprop="priceCurrency" content="EUR">
            <div class="unit_container">
                
                    <a class="substract_button" title="Menos" href="javascript:void(0);">-</a>
                
                <label class="quantity_container">
                    
                        
                            <input class="input_quantity_product" id="item_quantity_121698" type="number" data-product="121698" value="" min="1" max="999" required="" autocomplete="off">
                        
                    
                </label>
                
                    <a class="add_button" title="Más" href="javascript:void(0);">+</a>
                    <a class="added_tick" title="Cambiar unidades" href="javascript:void(0);"></a>
                
            </div>

            
                
                    <div class="article_pum">
                        <span>      7,97€/Kilo</span>
                    </div>
                
            

            
                
                    <a data-product-id="121698" class="orange_button btn_add2cart" title="Añadir al carrito" onclick="dataLayer.push({event: 'event_gtm',category:'acciones usuario', action:'a�adir producto desde listado'})" href="javascript:addToCartFromItemList('121698')">AÑADIR AL CARRITO &gt;</a>
                
            
            <span class="added_button">En carrito</span>

            
            
            <a class="white_button" title="Añadir a mi lista" href="javascript:addToListFromItemList('121698')" onclick="dataLayer.push({event: 'event_gtm',category:'acciones usuario', action:'a�adir producto a lista'});">Añadir a mi lista</a>
            
            
        </div>

        
            <a class="article_link" title="Ver ficha de MASA PIZZA BUITONI FINISSIMA MAXI 350 G" href="/MASA-PIZZA-BUITONI-FINISSIMA-MAXI-350-G_121698_prd_es_ES.jsp" onclick="javascript:callingTaggingEnpoints('')" itemprop="url"></a>
        
        <div class="hover_container">
            <div class="hover">
                <div class="info_symbol"></div>
            </div>
        </div>

        
            <img width="116" height="114" src="//static.condisline.com/resize_128x128/images/product_icons_corner/promocion_50.png" alt="Segunda Unidad 50% descuento" class="promotion_image">
        

        
        <!-- <a class="more_info" title="Más información sobre la promoción" href="javascript:void(0);"> -->
        <a class="more_info" href="javascript:void(0);">
            <span class="tooltip">
                Segunda Unidad 50% descuento
                <span class="arrow"></span>
            </span>
        </a>
        
    </article>
            </li>
        
            <li class="article" itemprop="itemListElement" itemscope="" itemtype="http://schema.org/Product">
                
    <article class="article_container" id="item_description_121127">


    
        <a class="article_name" title="Ver ficha de BASES BRISA BUITONI 230 G" href="/BASES-BRISA-BUITONI-230-G_121127_prd_es_ES.jsp" itemprop="url"><span itemprop="name" id="description_text">BASES BRISA BUITONI 230 G</span></a>
    

        <!--informacion de gluten y calorias -->
        <div class="info_container">

            
                <span class="calories">377 <span>kcal</span></span>
                <a class="info" title="Producto con 377 kilocalorías" href="javascript:void(0);">
                    <span class="info_text">Producto con 377 kilocalorías.</span>
                </a>
            

            
                
                    <img class="info_icon" alt="10% Descuento para suscriptores Condisline Prime" src="//static.condisline.com/resize_39x39/images/product_icons/icon_subscription.png" width="39" height="39">

                    
                        <a class="info" title="10% Descuento para suscriptores Condisline Prime" href="javascript:void(0);">
                            <span class="info_text">10% Descuento para suscriptores Condisline Prime</span>
                        </a>
                    
                
            
        </div>

        <img class="article_image" alt="BASES BRISA BUITONI 230 G" data-original="//static.condisline.com/resize_190x200/images/catalog/large/121127.jpg" src="//static.condisline.com/resize_190x200/images/catalog/large/121127.jpg" width="190" height="200" style="display: block;">

        <meta itemprop="image" content="//static.condisline.com/resize_190x200/images/catalog/large/121127.jpg">

        <div class="article_price_container" itemprop="offers" itemscope="" itemtype="http://schema.org/Offer">

            <!-- Price -->
            
                
                    <span class="offer">Segunda Unidad 50%</span>
                
                <span class="article_price" itemprop="price"><span id="list_price_121127">2,35</span></span>
                <span class="currency">€</span>
                <script>
                    formatNumber('2.35', 'list_price_121127');
                </script>
            

            <meta itemprop="priceCurrency" content="EUR">
            <div class="unit_container">
                
                    <a class="substract_button" title="Menos" href="javascript:void(0);">-</a>
                
                <label class="quantity_container">
                    
                        
                            <input class="input_quantity_product" id="item_quantity_121127" type="number" data-product="121127" value="" min="1" max="999" required="" autocomplete="off">
                        
                    
                </label>
                
                    <a class="add_button" title="Más" href="javascript:void(0);">+</a>
                    <a class="added_tick" title="Cambiar unidades" href="javascript:void(0);"></a>
                
            </div>

            
                
                    <div class="article_pum">
                        <span>     10,22€/Kilo</span>
                    </div>
                
            

            
                
                    <a data-product-id="121127" class="orange_button btn_add2cart" title="Añadir al carrito" onclick="dataLayer.push({event: 'event_gtm',category:'acciones usuario', action:'a�adir producto desde listado'})" href="javascript:addToCartFromItemList('121127')">AÑADIR AL CARRITO &gt;</a>
                
            
            <span class="added_button">En carrito</span>

            
            
            <a class="white_button" title="Añadir a mi lista" href="javascript:addToListFromItemList('121127')" onclick="dataLayer.push({event: 'event_gtm',category:'acciones usuario', action:'a�adir producto a lista'});">Añadir a mi lista</a>
            
            
        </div>

        
            <a class="article_link" title="Ver ficha de BASES BRISA BUITONI 230 G" href="/BASES-BRISA-BUITONI-230-G_121127_prd_es_ES.jsp" onclick="javascript:callingTaggingEnpoints('')" itemprop="url"></a>
        
        <div class="hover_container">
            <div class="hover">
                <div class="info_symbol"></div>
            </div>
        </div>

        
            <img width="116" height="114" src="//static.condisline.com/resize_128x128/images/product_icons_corner/promocion_50.png" alt="Segunda Unidad 50% descuento" class="promotion_image">
        

        
        <!-- <a class="more_info" title="Más información sobre la promoción" href="javascript:void(0);"> -->
        <a class="more_info" href="javascript:void(0);">
            <span class="tooltip">
                Segunda Unidad 50% descuento
                <span class="arrow"></span>
            </span>
        </a>
        
    </article>
            </li>
        
            <li class="article" itemprop="itemListElement" itemscope="" itemtype="http://schema.org/Product">
                
    <article class="article_container" id="item_description_211155">


    
        <a class="article_name" title="Ver ficha de PAN MOLDE BIMBO SIN CORTEZA 450 G" href="/PAN-MOLDE-BIMBO-SIN-CORTEZA-450-G_211155_prd_es_ES.jsp" itemprop="url"><span itemprop="name" id="description_text">PAN MOLDE BIMBO SIN CORTEZA 450 G</span></a>
    

        <!--informacion de gluten y calorias -->
        <div class="info_container">

            
                <span class="calories">229 <span>kcal</span></span>
                <a class="info" title="Producto con 229 kilocalorías" href="javascript:void(0);">
                    <span class="info_text">Producto con 229 kilocalorías.</span>
                </a>
            

            
                
                    <img class="info_icon" alt="10% Descuento para suscriptores Condisline Prime" src="//static.condisline.com/resize_39x39/images/product_icons/icon_subscription.png" width="39" height="39">

                    
                        <a class="info" title="10% Descuento para suscriptores Condisline Prime" href="javascript:void(0);">
                            <span class="info_text">10% Descuento para suscriptores Condisline Prime</span>
                        </a>
                    
                
            
        </div>

        <img class="article_image" alt="PAN MOLDE BIMBO SIN CORTEZA 450 G" data-original="//static.condisline.com/resize_190x200/images/catalog/large/211155.jpg" src="//static.condisline.com/resize_190x200/images/catalog/large/211155.jpg" width="190" height="200" style="display: block;">

        <meta itemprop="image" content="//static.condisline.com/resize_190x200/images/catalog/large/211155.jpg">

        <div class="article_price_container" itemprop="offers" itemscope="" itemtype="http://schema.org/Offer">

            <!-- Price -->
            
                <span class="offer">Antes <span id="list_price_211155">2,35</span>€</span>
                <span class="article_price" itemprop="price"><span id="sale_price_211155">1,99</span></span>
                <span class="currency">€</span>
                <script>
                    formatNumber('2.35', 'list_price_211155');
                    formatNumber('1.99', 'sale_price_211155');
                </script>
            

            <meta itemprop="priceCurrency" content="EUR">
            <div class="unit_container">
                
                    <a class="substract_button" title="Menos" href="javascript:void(0);">-</a>
                
                <label class="quantity_container">
                    
                        
                            <input class="input_quantity_product" id="item_quantity_211155" type="number" data-product="211155" value="" min="1" max="999" required="" autocomplete="off">
                        
                    
                </label>
                
                    <a class="add_button" title="Más" href="javascript:void(0);">+</a>
                    <a class="added_tick" title="Cambiar unidades" href="javascript:void(0);"></a>
                
            </div>

            
                
                    <div class="article_pum">
                        <span>      4,42€/Kilo</span>
                    </div>
                
            

            
                
                    <a data-product-id="211155" class="orange_button btn_add2cart" title="Añadir al carrito" onclick="dataLayer.push({event: 'event_gtm',category:'acciones usuario', action:'a�adir producto desde listado'})" href="javascript:addToCartFromItemList('211155')">AÑADIR AL CARRITO &gt;</a>
                
            
            <span class="added_button">En carrito</span>

            
            
            <a class="white_button" title="Añadir a mi lista" href="javascript:addToListFromItemList('211155')" onclick="dataLayer.push({event: 'event_gtm',category:'acciones usuario', action:'a�adir producto a lista'});">Añadir a mi lista</a>
            
            
        </div>

        
            <a class="article_link" title="Ver ficha de PAN MOLDE BIMBO SIN CORTEZA 450 G" href="/PAN-MOLDE-BIMBO-SIN-CORTEZA-450-G_211155_prd_es_ES.jsp" onclick="javascript:callingTaggingEnpoints('')" itemprop="url"></a>
        
        <div class="hover_container">
            <div class="hover">
                <div class="info_symbol"></div>
            </div>
        </div>

        
            <img width="116" height="114" src="//static.condisline.com/resize_128x128/images/product_icons_corner/oferta_grande.png" alt="" class="promotion_image">
        

        
    </article>
            </li>
        
            <li class="article" itemprop="itemListElement" itemscope="" itemtype="http://schema.org/Product">
                
    <article class="article_container" id="item_description_211863">


    
        <a class="article_name" title="Ver ficha de PAN DE MOLDE BIMBO SIN CORTEZA 100% NATURAL 450 G" href="/PAN-DE-MOLDE-BIMBO-SIN-CORTEZA-100-NATURAL-450-G_211863_prd_es_ES.jsp" itemprop="url"><span itemprop="name" id="description_text">PAN DE MOLDE BIMBO SIN CORTEZA 100% NATURAL 450 G</span></a>
    

        <!--informacion de gluten y calorias -->
        <div class="info_container">

            
                <span class="calories">242 <span>kcal</span></span>
                <a class="info" title="Producto con 242 kilocalorías" href="javascript:void(0);">
                    <span class="info_text">Producto con 242 kilocalorías.</span>
                </a>
            

            
                
                    <img class="info_icon" alt="10% Descuento para suscriptores Condisline Prime" src="//static.condisline.com/resize_39x39/images/product_icons/icon_subscription.png" width="39" height="39">

                    
                        <a class="info" title="10% Descuento para suscriptores Condisline Prime" href="javascript:void(0);">
                            <span class="info_text">10% Descuento para suscriptores Condisline Prime</span>
                        </a>
                    
                
            
        </div>

        <img class="article_image" alt="PAN DE MOLDE BIMBO SIN CORTEZA 100% NATURAL 450 G" data-original="//static.condisline.com/resize_190x200/images/catalog/large/211863.jpg" src="//static.condisline.com/resize_190x200/images/catalog/large/211863.jpg" width="190" height="200" style="display: block;">

        <meta itemprop="image" content="//static.condisline.com/resize_190x200/images/catalog/large/211863.jpg">

        <div class="article_price_container" itemprop="offers" itemscope="" itemtype="http://schema.org/Offer">

            <!-- Price -->
            
                <span class="offer">Antes <span id="list_price_211863">2,83</span>€</span>
                <span class="article_price" itemprop="price"><span id="sale_price_211863">2,39</span></span>
                <span class="currency">€</span>
                <script>
                    formatNumber('2.83', 'list_price_211863');
                    formatNumber('2.39', 'sale_price_211863');
                </script>
            

            <meta itemprop="priceCurrency" content="EUR">
            <div class="unit_container">
                
                    <a class="substract_button" title="Menos" href="javascript:void(0);">-</a>
                
                <label class="quantity_container">
                    
                        
                            <input class="input_quantity_product" id="item_quantity_211863" type="number" data-product="211863" value="" min="1" max="999" required="" autocomplete="off">
                        
                    
                </label>
                
                    <a class="add_button" title="Más" href="javascript:void(0);">+</a>
                    <a class="added_tick" title="Cambiar unidades" href="javascript:void(0);"></a>
                
            </div>

            
                
                    <div class="article_pum">
                        <span>      5,31€/Kilo</span>
                    </div>
                
            

            
                
                    <a data-product-id="211863" class="orange_button btn_add2cart" title="Añadir al carrito" onclick="dataLayer.push({event: 'event_gtm',category:'acciones usuario', action:'a�adir producto desde listado'})" href="javascript:addToCartFromItemList('211863')">AÑADIR AL CARRITO &gt;</a>
                
            
            <span class="added_button">En carrito</span>

            
            
            <a class="white_button" title="Añadir a mi lista" href="javascript:addToListFromItemList('211863')" onclick="dataLayer.push({event: 'event_gtm',category:'acciones usuario', action:'a�adir producto a lista'});">Añadir a mi lista</a>
            
            
        </div>

        
            <a class="article_link" title="Ver ficha de PAN DE MOLDE BIMBO SIN CORTEZA 100% NATURAL 450 G" href="/PAN-DE-MOLDE-BIMBO-SIN-CORTEZA-100-NATURAL-450-G_211863_prd_es_ES.jsp" onclick="javascript:callingTaggingEnpoints('')" itemprop="url"></a>
        
        <div class="hover_container">
            <div class="hover">
                <div class="info_symbol"></div>
            </div>
        </div>

        
            <img width="116" height="114" src="//static.condisline.com/resize_128x128/images/product_icons_corner/oferta_grande.png" alt="" class="promotion_image">
        

        
    </article>
            </li>
        
            <li class="article" itemprop="itemListElement" itemscope="" itemtype="http://schema.org/Product">
                
    <article class="article_container" id="item_description_211229">


    
        <a class="article_name" title="Ver ficha de PAN MOLDE BIMBO SILUETA SIN CORTEZA 8 CEREALES 450 G" href="/PAN-MOLDE-BIMBO-SILUETA-SIN-CORTEZA-8-CEREALES-450-G_211229_prd_es_ES.jsp" itemprop="url"><span itemprop="name" id="description_text">PAN MOLDE BIMBO SILUETA SIN CORTEZA 8 CEREALES 450 G</span></a>
    

        <!--informacion de gluten y calorias -->
        <div class="info_container">

            
                <span class="calories">225 <span>kcal</span></span>
                <a class="info" title="Producto con 225 kilocalorías" href="javascript:void(0);">
                    <span class="info_text">Producto con 225 kilocalorías.</span>
                </a>
            

            
                
                    <img class="info_icon" alt="10% Descuento para suscriptores Condisline Prime" src="//static.condisline.com/resize_39x39/images/product_icons/icon_subscription.png" width="39" height="39">

                    
                        <a class="info" title="10% Descuento para suscriptores Condisline Prime" href="javascript:void(0);">
                            <span class="info_text">10% Descuento para suscriptores Condisline Prime</span>
                        </a>
                    
                
            
        </div>

        <img class="article_image" alt="PAN MOLDE BIMBO SILUETA SIN CORTEZA 8 CEREALES 450 G" data-original="//static.condisline.com/resize_190x200/images/catalog/large/211229.jpg" src="//static.condisline.com/resize_190x200/images/catalog/large/211229.jpg" width="190" height="200" style="display: block;">

        <meta itemprop="image" content="//static.condisline.com/resize_190x200/images/catalog/large/211229.jpg">

        <div class="article_price_container" itemprop="offers" itemscope="" itemtype="http://schema.org/Offer">

            <!-- Price -->
            
                <span class="offer">Antes <span id="list_price_211229">2,54</span>€</span>
                <span class="article_price" itemprop="price"><span id="sale_price_211229">2,15</span></span>
                <span class="currency">€</span>
                <script>
                    formatNumber('2.54', 'list_price_211229');
                    formatNumber('2.15', 'sale_price_211229');
                </script>
            

            <meta itemprop="priceCurrency" content="EUR">
            <div class="unit_container">
                
                    <a class="substract_button" title="Menos" href="javascript:void(0);">-</a>
                
                <label class="quantity_container">
                    
                        
                            <input class="input_quantity_product" id="item_quantity_211229" type="number" data-product="211229" value="" min="1" max="999" required="" autocomplete="off">
                        
                    
                </label>
                
                    <a class="add_button" title="Más" href="javascript:void(0);">+</a>
                    <a class="added_tick" title="Cambiar unidades" href="javascript:void(0);"></a>
                
            </div>

            
                
                    <div class="article_pum">
                        <span>      4,78€/Kilo</span>
                    </div>
                
            

            
                
                    <a data-product-id="211229" class="orange_button btn_add2cart" title="Añadir al carrito" onclick="dataLayer.push({event: 'event_gtm',category:'acciones usuario', action:'a�adir producto desde listado'})" href="javascript:addToCartFromItemList('211229')">AÑADIR AL CARRITO &gt;</a>
                
            
            <span class="added_button">En carrito</span>

            
            
            <a class="white_button" title="Añadir a mi lista" href="javascript:addToListFromItemList('211229')" onclick="dataLayer.push({event: 'event_gtm',category:'acciones usuario', action:'a�adir producto a lista'});">Añadir a mi lista</a>
            
            
        </div>

        
            <a class="article_link" title="Ver ficha de PAN MOLDE BIMBO SILUETA SIN CORTEZA 8 CEREALES 450 G" href="/PAN-MOLDE-BIMBO-SILUETA-SIN-CORTEZA-8-CEREALES-450-G_211229_prd_es_ES.jsp" onclick="javascript:callingTaggingEnpoints('')" itemprop="url"></a>
        
        <div class="hover_container">
            <div class="hover">
                <div class="info_symbol"></div>
            </div>
        </div>

        
            <img width="116" height="114" src="//static.condisline.com/resize_128x128/images/product_icons_corner/oferta_grande.png" alt="" class="promotion_image">
        

        
    </article>
            </li>
        
            <li class="article" itemprop="itemListElement" itemscope="" itemtype="http://schema.org/Product">
                
    <article class="article_container" id="item_description_211759">


    
        <a class="article_name" title="Ver ficha de PAN DE MOLDE BIMBO FAMILIAR 26 REBANADAS 700 G" href="/PAN-DE-MOLDE-BIMBO-FAMILIAR-26-REBANADAS-700-G_211759_prd_es_ES.jsp" itemprop="url"><span itemprop="name" id="description_text">PAN DE MOLDE BIMBO FAMILIAR 26 REBANADAS 700 G</span></a>
    

        <!--informacion de gluten y calorias -->
        <div class="info_container">

            
                <span class="calories">252 <span>kcal</span></span>
                <a class="info" title="Producto con 252 kilocalorías" href="javascript:void(0);">
                    <span class="info_text">Producto con 252 kilocalorías.</span>
                </a>
            

            
                
                    <img class="info_icon" alt="10% Descuento para suscriptores Condisline Prime" src="//static.condisline.com/resize_39x39/images/product_icons/icon_subscription.png" width="39" height="39">

                    
                        <a class="info" title="10% Descuento para suscriptores Condisline Prime" href="javascript:void(0);">
                            <span class="info_text">10% Descuento para suscriptores Condisline Prime</span>
                        </a>
                    
                
            
        </div>

        <img class="article_image" alt="PAN DE MOLDE BIMBO FAMILIAR 26 REBANADAS 700 G" data-original="//static.condisline.com/resize_190x200/images/catalog/large/211759.jpg" src="//static.condisline.com/resize_190x200/images/catalog/large/211759.jpg" width="190" height="200" style="display: block;">

        <meta itemprop="image" content="//static.condisline.com/resize_190x200/images/catalog/large/211759.jpg">

        <div class="article_price_container" itemprop="offers" itemscope="" itemtype="http://schema.org/Offer">

            <!-- Price -->
            
                
                <span class="article_price" itemprop="price"><span id="list_price_211759">2,29</span></span>
                <span class="currency">€</span>
                <script>
                    formatNumber('2.29', 'list_price_211759');
                </script>
            

            <meta itemprop="priceCurrency" content="EUR">
            <div class="unit_container">
                
                    <a class="substract_button" title="Menos" href="javascript:void(0);">-</a>
                
                <label class="quantity_container">
                    
                        
                            <input class="input_quantity_product" id="item_quantity_211759" type="number" data-product="211759" value="" min="1" max="999" required="" autocomplete="off">
                        
                    
                </label>
                
                    <a class="add_button" title="Más" href="javascript:void(0);">+</a>
                    <a class="added_tick" title="Cambiar unidades" href="javascript:void(0);"></a>
                
            </div>

            
                
                    <div class="article_pum">
                        <span>      3,27€/Kilo</span>
                    </div>
                
            

            
                
                    <a data-product-id="211759" class="orange_button btn_add2cart" title="Añadir al carrito" onclick="dataLayer.push({event: 'event_gtm',category:'acciones usuario', action:'a�adir producto desde listado'})" href="javascript:addToCartFromItemList('211759')">AÑADIR AL CARRITO &gt;</a>
                
            
            <span class="added_button">En carrito</span>

            
            
            <a class="white_button" title="Añadir a mi lista" href="javascript:addToListFromItemList('211759')" onclick="dataLayer.push({event: 'event_gtm',category:'acciones usuario', action:'a�adir producto a lista'});">Añadir a mi lista</a>
            
            
        </div>

        
            <a class="article_link" title="Ver ficha de PAN DE MOLDE BIMBO FAMILIAR 26 REBANADAS 700 G" href="/PAN-DE-MOLDE-BIMBO-FAMILIAR-26-REBANADAS-700-G_211759_prd_es_ES.jsp" onclick="javascript:callingTaggingEnpoints('')" itemprop="url"></a>
        
        <div class="hover_container">
            <div class="hover">
                <div class="info_symbol"></div>
            </div>
        </div>

        

        
    </article>
            </li>
        
            <li class="article" itemprop="itemListElement" itemscope="" itemtype="http://schema.org/Product">
                
    <article class="article_container" id="item_description_211295">


    
        <a class="article_name" title="Ver ficha de PAN MOLDE CONDIS SIN CORTEZA 450 G" href="/PAN-MOLDE-CONDIS-SIN-CORTEZA-450-G_211295_prd_es_ES.jsp" itemprop="url"><span itemprop="name" id="description_text">PAN MOLDE CONDIS SIN CORTEZA 450 G</span></a>
    

        <!--informacion de gluten y calorias -->
        <div class="info_container">

            
                <span class="calories">247 <span>kcal</span></span>
                <a class="info" title="Producto con 247 kilocalorías" href="javascript:void(0);">
                    <span class="info_text">Producto con 247 kilocalorías.</span>
                </a>
            

            
                
                    <img class="info_icon" alt="10% Descuento para suscriptores Condisline Prime" src="//static.condisline.com/resize_39x39/images/product_icons/icon_subscription.png" width="39" height="39">

                    
                        <a class="info" title="10% Descuento para suscriptores Condisline Prime" href="javascript:void(0);">
                            <span class="info_text">10% Descuento para suscriptores Condisline Prime</span>
                        </a>
                    
                
                    <img class="info_icon" alt="Marca propia" src="//static.condisline.com/resize_39x39/images/product_icons/marca_propia.png" width="39" height="39">

                    
                        <a class="info" title="Marca propia" href="javascript:void(0);">
                            <span class="info_text">Marca propia</span>
                        </a>
                    
                
            
        </div>

        <img class="article_image" alt="PAN MOLDE CONDIS SIN CORTEZA 450 G" data-original="//static.condisline.com/resize_190x200/images/catalog/large/211295.jpg" src="//static.condisline.com/resize_190x200/images/catalog/large/211295.jpg" width="190" height="200" style="display: block;">

        <meta itemprop="image" content="//static.condisline.com/resize_190x200/images/catalog/large/211295.jpg">

        <div class="article_price_container" itemprop="offers" itemscope="" itemtype="http://schema.org/Offer">

            <!-- Price -->
            
                
                <span class="article_price" itemprop="price"><span id="list_price_211295">1,17</span></span>
                <span class="currency">€</span>
                <script>
                    formatNumber('1.17', 'list_price_211295');
                </script>
            

            <meta itemprop="priceCurrency" content="EUR">
            <div class="unit_container">
                
                    <a class="substract_button" title="Menos" href="javascript:void(0);">-</a>
                
                <label class="quantity_container">
                    
                        
                            <input class="input_quantity_product" id="item_quantity_211295" type="number" data-product="211295" value="" min="1" max="999" required="" autocomplete="off">
                        
                    
                </label>
                
                    <a class="add_button" title="Más" href="javascript:void(0);">+</a>
                    <a class="added_tick" title="Cambiar unidades" href="javascript:void(0);"></a>
                
            </div>

            
                
                    <div class="article_pum">
                        <span>      2,60€/Kilo</span>
                    </div>
                
            

            
                
                    <a data-product-id="211295" class="orange_button btn_add2cart" title="Añadir al carrito" onclick="dataLayer.push({event: 'event_gtm',category:'acciones usuario', action:'a�adir producto desde listado'})" href="javascript:addToCartFromItemList('211295')">AÑADIR AL CARRITO &gt;</a>
                
            
            <span class="added_button">En carrito</span>

            
            
            <a class="white_button" title="Añadir a mi lista" href="javascript:addToListFromItemList('211295')" onclick="dataLayer.push({event: 'event_gtm',category:'acciones usuario', action:'a�adir producto a lista'});">Añadir a mi lista</a>
            
            
        </div>

        
            <a class="article_link" title="Ver ficha de PAN MOLDE CONDIS SIN CORTEZA 450 G" href="/PAN-MOLDE-CONDIS-SIN-CORTEZA-450-G_211295_prd_es_ES.jsp" onclick="javascript:callingTaggingEnpoints('')" itemprop="url"></a>
        
        <div class="hover_container">
            <div class="hover">
                <div class="info_symbol"></div>
            </div>
        </div>

        

        
    </article>
            </li>
        
            <li class="article" itemprop="itemListElement" itemscope="" itemtype="http://schema.org/Product">
                
    <article class="article_container" id="item_description_211075">


    
        <a class="article_name" title="Ver ficha de PAN TOSTADO CONDIS TRADICIONAL 30 UNIDADES 270 G" href="/PAN-TOSTADO-CONDIS-TRADICIONAL-30-UNIDADES-270-G_211075_prd_es_ES.jsp" itemprop="url"><span itemprop="name" id="description_text">PAN TOSTADO CONDIS TRADICIONAL 30 UNIDADES 270 G</span></a>
    

        <!--informacion de gluten y calorias -->
        <div class="info_container">

            
                <span class="calories">383 <span>kcal</span></span>
                <a class="info" title="Producto con 383 kilocalorías" href="javascript:void(0);">
                    <span class="info_text">Producto con 383 kilocalorías.</span>
                </a>
            

            
                
                    <img class="info_icon" alt="10% Descuento para suscriptores Condisline Prime" src="//static.condisline.com/resize_39x39/images/product_icons/icon_subscription.png" width="39" height="39">

                    
                        <a class="info" title="10% Descuento para suscriptores Condisline Prime" href="javascript:void(0);">
                            <span class="info_text">10% Descuento para suscriptores Condisline Prime</span>
                        </a>
                    
                
                    <img class="info_icon" alt="Marca propia" src="//static.condisline.com/resize_39x39/images/product_icons/marca_propia.png" width="39" height="39">

                    
                        <a class="info" title="Marca propia" href="javascript:void(0);">
                            <span class="info_text">Marca propia</span>
                        </a>
                    
                
            
        </div>

        <img class="article_image" alt="PAN TOSTADO CONDIS TRADICIONAL 30 UNIDADES 270 G" data-original="//static.condisline.com/resize_190x200/images/catalog/large/211075.jpg" src="//static.condisline.com/resize_190x200/images/catalog/large/211075.jpg" width="190" height="200" style="display: block;">

        <meta itemprop="image" content="//static.condisline.com/resize_190x200/images/catalog/large/211075.jpg">

        <div class="article_price_container" itemprop="offers" itemscope="" itemtype="http://schema.org/Offer">

            <!-- Price -->
            
                
                <span class="article_price" itemprop="price"><span id="list_price_211075">1,09</span></span>
                <span class="currency">€</span>
                <script>
                    formatNumber('1.09', 'list_price_211075');
                </script>
            

            <meta itemprop="priceCurrency" content="EUR">
            <div class="unit_container">
                
                    <a class="substract_button" title="Menos" href="javascript:void(0);">-</a>
                
                <label class="quantity_container">
                    
                        
                            <input class="input_quantity_product" id="item_quantity_211075" type="number" data-product="211075" value="" min="1" max="999" required="" autocomplete="off">
                        
                    
                </label>
                
                    <a class="add_button" title="Más" href="javascript:void(0);">+</a>
                    <a class="added_tick" title="Cambiar unidades" href="javascript:void(0);"></a>
                
            </div>

            
                
                    <div class="article_pum">
                        <span>      4,04€/Kilo</span>
                    </div>
                
            

            
                
                    <a data-product-id="211075" class="orange_button btn_add2cart" title="Añadir al carrito" onclick="dataLayer.push({event: 'event_gtm',category:'acciones usuario', action:'a�adir producto desde listado'})" href="javascript:addToCartFromItemList('211075')">AÑADIR AL CARRITO &gt;</a>
                
            
            <span class="added_button">En carrito</span>

            
            
            <a class="white_button" title="Añadir a mi lista" href="javascript:addToListFromItemList('211075')" onclick="dataLayer.push({event: 'event_gtm',category:'acciones usuario', action:'a�adir producto a lista'});">Añadir a mi lista</a>
            
            
        </div>

        
            <a class="article_link" title="Ver ficha de PAN TOSTADO CONDIS TRADICIONAL 30 UNIDADES 270 G" href="/PAN-TOSTADO-CONDIS-TRADICIONAL-30-UNIDADES-270-G_211075_prd_es_ES.jsp" onclick="javascript:callingTaggingEnpoints('')" itemprop="url"></a>
        
        <div class="hover_container">
            <div class="hover">
                <div class="info_symbol"></div>
            </div>
        </div>

        

        
    </article>
            </li>
        
            <li class="article" itemprop="itemListElement" itemscope="" itemtype="http://schema.org/Product">
                
    <article class="article_container" id="item_description_215765">


    
        <a class="article_name" title="Ver ficha de PALITOS SNATT'S PIPAS 62 G" href="/PALITOS-SNATT-S-PIPAS-62-G_215765_prd_es_ES.jsp" itemprop="url"><span itemprop="name" id="description_text">PALITOS SNATT'S PIPAS 62 G</span></a>
    

        <!--informacion de gluten y calorias -->
        <div class="info_container">

            
                <span class="calories">504 <span>kcal</span></span>
                <a class="info" title="Producto con 504 kilocalorías" href="javascript:void(0);">
                    <span class="info_text">Producto con 504 kilocalorías.</span>
                </a>
            

            
                
                    <img class="info_icon" alt="10% Descuento para suscriptores Condisline Prime" src="//static.condisline.com/resize_39x39/images/product_icons/icon_subscription.png" width="39" height="39">

                    
                        <a class="info" title="10% Descuento para suscriptores Condisline Prime" href="javascript:void(0);">
                            <span class="info_text">10% Descuento para suscriptores Condisline Prime</span>
                        </a>
                    
                
            
        </div>

        <img class="article_image" alt="PALITOS SNATT'S PIPAS 62 G" data-original="//static.condisline.com/resize_190x200/images/catalog/large/215765.jpg" src="//static.condisline.com/resize_190x200/images/catalog/large/215765.jpg" width="190" height="200" style="display: block;">

        <meta itemprop="image" content="//static.condisline.com/resize_190x200/images/catalog/large/215765.jpg">

        <div class="article_price_container" itemprop="offers" itemscope="" itemtype="http://schema.org/Offer">

            <!-- Price -->
            
                
                <span class="article_price" itemprop="price"><span id="list_price_215765">1,12</span></span>
                <span class="currency">€</span>
                <script>
                    formatNumber('1.12', 'list_price_215765');
                </script>
            

            <meta itemprop="priceCurrency" content="EUR">
            <div class="unit_container">
                
                    <a class="substract_button" title="Menos" href="javascript:void(0);">-</a>
                
                <label class="quantity_container">
                    
                        
                            <input class="input_quantity_product" id="item_quantity_215765" type="number" data-product="215765" value="" min="1" max="999" required="" autocomplete="off">
                        
                    
                </label>
                
                    <a class="add_button" title="Más" href="javascript:void(0);">+</a>
                    <a class="added_tick" title="Cambiar unidades" href="javascript:void(0);"></a>
                
            </div>

            
                
                    <div class="article_pum">
                        <span>     18,06€/Kilo</span>
                    </div>
                
            

            
                
                    <a data-product-id="215765" class="orange_button btn_add2cart" title="Añadir al carrito" onclick="dataLayer.push({event: 'event_gtm',category:'acciones usuario', action:'a�adir producto desde listado'})" href="javascript:addToCartFromItemList('215765')">AÑADIR AL CARRITO &gt;</a>
                
            
            <span class="added_button">En carrito</span>

            
            
            <a class="white_button" title="Añadir a mi lista" href="javascript:addToListFromItemList('215765')" onclick="dataLayer.push({event: 'event_gtm',category:'acciones usuario', action:'a�adir producto a lista'});">Añadir a mi lista</a>
            
            
        </div>

        
            <a class="article_link" title="Ver ficha de PALITOS SNATT'S PIPAS 62 G" href="/PALITOS-SNATT-S-PIPAS-62-G_215765_prd_es_ES.jsp" onclick="javascript:callingTaggingEnpoints('')" itemprop="url"></a>
        
        <div class="hover_container">
            <div class="hover">
                <div class="info_symbol"></div>
            </div>
        </div>

        

        
    </article>
            </li>
        
            <li class="article" itemprop="itemListElement" itemscope="" itemtype="http://schema.org/Product">
                
    <article class="article_container" id="item_description_211693">


    
        <a class="article_name" title="Ver ficha de RUSTIK BAKERY HOGAZA MASA MADRE 400 G" href="/RUSTIK-BAKERY-HOGAZA-MASA-MADRE-400-G_211693_prd_es_ES.jsp" itemprop="url"><span itemprop="name" id="description_text">RUSTIK BAKERY HOGAZA MASA MADRE 400 G</span></a>
    

        <!--informacion de gluten y calorias -->
        <div class="info_container">

            
                <span class="calories">239 <span>kcal</span></span>
                <a class="info" title="Producto con 239 kilocalorías" href="javascript:void(0);">
                    <span class="info_text">Producto con 239 kilocalorías.</span>
                </a>
            

            
                
                    <img class="info_icon" alt="10% Descuento para suscriptores Condisline Prime" src="//static.condisline.com/resize_39x39/images/product_icons/icon_subscription.png" width="39" height="39">

                    
                        <a class="info" title="10% Descuento para suscriptores Condisline Prime" href="javascript:void(0);">
                            <span class="info_text">10% Descuento para suscriptores Condisline Prime</span>
                        </a>
                    
                
            
        </div>

        <img class="article_image" alt="RUSTIK BAKERY HOGAZA MASA MADRE 400 G" data-original="//static.condisline.com/resize_190x200/images/catalog/large/211693.jpg" src="//static.condisline.com/resize_190x200/images/catalog/large/211693.jpg" width="190" height="200" style="display: block;">

        <meta itemprop="image" content="//static.condisline.com/resize_190x200/images/catalog/large/211693.jpg">

        <div class="article_price_container" itemprop="offers" itemscope="" itemtype="http://schema.org/Offer">

            <!-- Price -->
            
                
                <span class="article_price" itemprop="price"><span id="list_price_211693">2,73</span></span>
                <span class="currency">€</span>
                <script>
                    formatNumber('2.73', 'list_price_211693');
                </script>
            

            <meta itemprop="priceCurrency" content="EUR">
            <div class="unit_container">
                
                    <a class="substract_button" title="Menos" href="javascript:void(0);">-</a>
                
                <label class="quantity_container">
                    
                        
                            <input class="input_quantity_product" id="item_quantity_211693" type="number" data-product="211693" value="" min="1" max="999" required="" autocomplete="off">
                        
                    
                </label>
                
                    <a class="add_button" title="Más" href="javascript:void(0);">+</a>
                    <a class="added_tick" title="Cambiar unidades" href="javascript:void(0);"></a>
                
            </div>

            
                
                    <div class="article_pum">
                        <span>      6,83€/Kilo</span>
                    </div>
                
            

            
                
                    <a data-product-id="211693" class="orange_button btn_add2cart" title="Añadir al carrito" onclick="dataLayer.push({event: 'event_gtm',category:'acciones usuario', action:'a�adir producto desde listado'})" href="javascript:addToCartFromItemList('211693')">AÑADIR AL CARRITO &gt;</a>
                
            
            <span class="added_button">En carrito</span>

            
            
            <a class="white_button" title="Añadir a mi lista" href="javascript:addToListFromItemList('211693')" onclick="dataLayer.push({event: 'event_gtm',category:'acciones usuario', action:'a�adir producto a lista'});">Añadir a mi lista</a>
            
            
        </div>

        
            <a class="article_link" title="Ver ficha de RUSTIK BAKERY HOGAZA MASA MADRE 400 G" href="/RUSTIK-BAKERY-HOGAZA-MASA-MADRE-400-G_211693_prd_es_ES.jsp" onclick="javascript:callingTaggingEnpoints('')" itemprop="url"></a>
        
        <div class="hover_container">
            <div class="hover">
                <div class="info_symbol"></div>
            </div>
        </div>

        

        
    </article>
            </li>
        
            <li class="article" itemprop="itemListElement" itemscope="" itemtype="http://schema.org/Product">
                
    <article class="article_container" id="item_description_119007">


    
        <a class="article_name" title="Ver ficha de PAN CONDIS RALLADO 500 G" href="/PAN-CONDIS-RALLADO-500-G_119007_prd_es_ES.jsp" itemprop="url"><span itemprop="name" id="description_text">PAN CONDIS RALLADO 500 G</span></a>
    

        <!--informacion de gluten y calorias -->
        <div class="info_container">

            
                <span class="calories">382 <span>kcal</span></span>
                <a class="info" title="Producto con 382 kilocalorías" href="javascript:void(0);">
                    <span class="info_text">Producto con 382 kilocalorías.</span>
                </a>
            

            
                
                    <img class="info_icon" alt="10% Descuento para suscriptores Condisline Prime" src="//static.condisline.com/resize_39x39/images/product_icons/icon_subscription.png" width="39" height="39">

                    
                        <a class="info" title="10% Descuento para suscriptores Condisline Prime" href="javascript:void(0);">
                            <span class="info_text">10% Descuento para suscriptores Condisline Prime</span>
                        </a>
                    
                
                    <img class="info_icon" alt="Marca propia" src="//static.condisline.com/resize_39x39/images/product_icons/marca_propia.png" width="39" height="39">

                    
                        <a class="info" title="Marca propia" href="javascript:void(0);">
                            <span class="info_text">Marca propia</span>
                        </a>
                    
                
            
        </div>

        <img class="article_image" alt="PAN CONDIS RALLADO 500 G" data-original="//static.condisline.com/resize_190x200/images/catalog/large/119007.jpg" src="//static.condisline.com/resize_190x200/images/catalog/large/119007.jpg" width="190" height="200" style="display: block;">

        <meta itemprop="image" content="//static.condisline.com/resize_190x200/images/catalog/large/119007.jpg">

        <div class="article_price_container" itemprop="offers" itemscope="" itemtype="http://schema.org/Offer">

            <!-- Price -->
            
                
                <span class="article_price" itemprop="price"><span id="list_price_119007">0,63</span></span>
                <span class="currency">€</span>
                <script>
                    formatNumber('0.63', 'list_price_119007');
                </script>
            

            <meta itemprop="priceCurrency" content="EUR">
            <div class="unit_container">
                
                    <a class="substract_button" title="Menos" href="javascript:void(0);">-</a>
                
                <label class="quantity_container">
                    
                        
                            <input class="input_quantity_product" id="item_quantity_119007" type="number" data-product="119007" value="" min="1" max="999" required="" autocomplete="off">
                        
                    
                </label>
                
                    <a class="add_button" title="Más" href="javascript:void(0);">+</a>
                    <a class="added_tick" title="Cambiar unidades" href="javascript:void(0);"></a>
                
            </div>

            
                
                    <div class="article_pum">
                        <span>      1,26€/Kilo</span>
                    </div>
                
            

            
                
                    <a data-product-id="119007" class="orange_button btn_add2cart" title="Añadir al carrito" onclick="dataLayer.push({event: 'event_gtm',category:'acciones usuario', action:'a�adir producto desde listado'})" href="javascript:addToCartFromItemList('119007')">AÑADIR AL CARRITO &gt;</a>
                
            
            <span class="added_button">En carrito</span>

            
            
            <a class="white_button" title="Añadir a mi lista" href="javascript:addToListFromItemList('119007')" onclick="dataLayer.push({event: 'event_gtm',category:'acciones usuario', action:'a�adir producto a lista'});">Añadir a mi lista</a>
            
            
        </div>

        
            <a class="article_link" title="Ver ficha de PAN CONDIS RALLADO 500 G" href="/PAN-CONDIS-RALLADO-500-G_119007_prd_es_ES.jsp" onclick="javascript:callingTaggingEnpoints('')" itemprop="url"></a>
        
        <div class="hover_container">
            <div class="hover">
                <div class="info_symbol"></div>
            </div>
        </div>

        

        
    </article>
            </li>
        
            <li class="article" itemprop="itemListElement" itemscope="" itemtype="http://schema.org/Product">
                
    <article class="article_container" id="item_description_211074">


    
        <a class="article_name" title="Ver ficha de PAN TOSTADO CONDIS INTEGRAL 30 UNIDADES 270 G" href="/PAN-TOSTADO-CONDIS-INTEGRAL-30-UNIDADES-270-G_211074_prd_es_ES.jsp" itemprop="url"><span itemprop="name" id="description_text">PAN TOSTADO CONDIS INTEGRAL 30 UNIDADES 270 G</span></a>
    

        <!--informacion de gluten y calorias -->
        <div class="info_container">

            
                <span class="calories">370 <span>kcal</span></span>
                <a class="info" title="Producto con 370 kilocalorías" href="javascript:void(0);">
                    <span class="info_text">Producto con 370 kilocalorías.</span>
                </a>
            

            
                
                    <img class="info_icon" alt="10% Descuento para suscriptores Condisline Prime" src="//static.condisline.com/resize_39x39/images/product_icons/icon_subscription.png" width="39" height="39">

                    
                        <a class="info" title="10% Descuento para suscriptores Condisline Prime" href="javascript:void(0);">
                            <span class="info_text">10% Descuento para suscriptores Condisline Prime</span>
                        </a>
                    
                
                    <img class="info_icon" alt="Marca propia" src="//static.condisline.com/resize_39x39/images/product_icons/marca_propia.png" width="39" height="39">

                    
                        <a class="info" title="Marca propia" href="javascript:void(0);">
                            <span class="info_text">Marca propia</span>
                        </a>
                    
                
            
        </div>

        <img class="article_image" alt="PAN TOSTADO CONDIS INTEGRAL 30 UNIDADES 270 G" data-original="//static.condisline.com/resize_190x200/images/catalog/large/211074.jpg" src="//static.condisline.com/resize_190x200/images/catalog/large/211074.jpg" width="190" height="200" style="display: block;">

        <meta itemprop="image" content="//static.condisline.com/resize_190x200/images/catalog/large/211074.jpg">

        <div class="article_price_container" itemprop="offers" itemscope="" itemtype="http://schema.org/Offer">

            <!-- Price -->
            
                
                <span class="article_price" itemprop="price"><span id="list_price_211074">1,09</span></span>
                <span class="currency">€</span>
                <script>
                    formatNumber('1.09', 'list_price_211074');
                </script>
            

            <meta itemprop="priceCurrency" content="EUR">
            <div class="unit_container">
                
                    <a class="substract_button" title="Menos" href="javascript:void(0);">-</a>
                
                <label class="quantity_container">
                    
                        
                            <input class="input_quantity_product" id="item_quantity_211074" type="number" data-product="211074" value="" min="1" max="999" required="" autocomplete="off">
                        
                    
                </label>
                
                    <a class="add_button" title="Más" href="javascript:void(0);">+</a>
                    <a class="added_tick" title="Cambiar unidades" href="javascript:void(0);"></a>
                
            </div>

            
                
                    <div class="article_pum">
                        <span>      4,04€/Kilo</span>
                    </div>
                
            

            
                
                    <a data-product-id="211074" class="orange_button btn_add2cart" title="Añadir al carrito" onclick="dataLayer.push({event: 'event_gtm',category:'acciones usuario', action:'a�adir producto desde listado'})" href="javascript:addToCartFromItemList('211074')">AÑADIR AL CARRITO &gt;</a>
                
            
            <span class="added_button">En carrito</span>

            
            
            <a class="white_button" title="Añadir a mi lista" href="javascript:addToListFromItemList('211074')" onclick="dataLayer.push({event: 'event_gtm',category:'acciones usuario', action:'a�adir producto a lista'});">Añadir a mi lista</a>
            
            
        </div>

        
            <a class="article_link" title="Ver ficha de PAN TOSTADO CONDIS INTEGRAL 30 UNIDADES 270 G" href="/PAN-TOSTADO-CONDIS-INTEGRAL-30-UNIDADES-270-G_211074_prd_es_ES.jsp" onclick="javascript:callingTaggingEnpoints('')" itemprop="url"></a>
        
        <div class="hover_container">
            <div class="hover">
                <div class="info_symbol"></div>
            </div>
        </div>

        

        
    </article>
            </li>
        
            <li class="article" itemprop="itemListElement" itemscope="" itemtype="http://schema.org/Product">
                
    <article class="article_container" id="item_description_211702">


    
        <a class="article_name" title="Ver ficha de PAN BIMBO REBANADA ARTESANO 500 G" href="/PAN-BIMBO-REBANADA-ARTESANO-500-G_211702_prd_es_ES.jsp" itemprop="url"><span itemprop="name" id="description_text">PAN BIMBO REBANADA ARTESANO 500 G</span></a>
    

        <!--informacion de gluten y calorias -->
        <div class="info_container">

            
                <span class="calories">255 <span>kcal</span></span>
                <a class="info" title="Producto con 255 kilocalorías" href="javascript:void(0);">
                    <span class="info_text">Producto con 255 kilocalorías.</span>
                </a>
            

            
                
                    <img class="info_icon" alt="10% Descuento para suscriptores Condisline Prime" src="//static.condisline.com/resize_39x39/images/product_icons/icon_subscription.png" width="39" height="39">

                    
                        <a class="info" title="10% Descuento para suscriptores Condisline Prime" href="javascript:void(0);">
                            <span class="info_text">10% Descuento para suscriptores Condisline Prime</span>
                        </a>
                    
                
            
        </div>

        <img class="article_image" alt="PAN BIMBO REBANADA ARTESANO 500 G" data-original="//static.condisline.com/resize_190x200/images/catalog/large/211702.jpg" src="//static.condisline.com/resize_190x200/images/catalog/large/211702.jpg" width="190" height="200" style="display: block;">

        <meta itemprop="image" content="//static.condisline.com/resize_190x200/images/catalog/large/211702.jpg">

        <div class="article_price_container" itemprop="offers" itemscope="" itemtype="http://schema.org/Offer">

            <!-- Price -->
            
                
                <span class="article_price" itemprop="price"><span id="list_price_211702">2,72</span></span>
                <span class="currency">€</span>
                <script>
                    formatNumber('2.72', 'list_price_211702');
                </script>
            

            <meta itemprop="priceCurrency" content="EUR">
            <div class="unit_container">
                
                    <a class="substract_button" title="Menos" href="javascript:void(0);">-</a>
                
                <label class="quantity_container">
                    
                        
                            <input class="input_quantity_product" id="item_quantity_211702" type="number" data-product="211702" value="" min="1" max="999" required="" autocomplete="off">
                        
                    
                </label>
                
                    <a class="add_button" title="Más" href="javascript:void(0);">+</a>
                    <a class="added_tick" title="Cambiar unidades" href="javascript:void(0);"></a>
                
            </div>

            
                
                    <div class="article_pum">
                        <span>      5,44€/Kilo</span>
                    </div>
                
            

            
                
                    <a data-product-id="211702" class="orange_button btn_add2cart" title="Añadir al carrito" onclick="dataLayer.push({event: 'event_gtm',category:'acciones usuario', action:'a�adir producto desde listado'})" href="javascript:addToCartFromItemList('211702')">AÑADIR AL CARRITO &gt;</a>
                
            
            <span class="added_button">En carrito</span>

            
            
            <a class="white_button" title="Añadir a mi lista" href="javascript:addToListFromItemList('211702')" onclick="dataLayer.push({event: 'event_gtm',category:'acciones usuario', action:'a�adir producto a lista'});">Añadir a mi lista</a>
            
            
        </div>

        
            <a class="article_link" title="Ver ficha de PAN BIMBO REBANADA ARTESANO 500 G" href="/PAN-BIMBO-REBANADA-ARTESANO-500-G_211702_prd_es_ES.jsp" onclick="javascript:callingTaggingEnpoints('')" itemprop="url"></a>
        
        <div class="hover_container">
            <div class="hover">
                <div class="info_symbol"></div>
            </div>
        </div>

        

        
    </article>
            </li>
        
            <li class="article" itemprop="itemListElement" itemscope="" itemtype="http://schema.org/Product">
                
    <article class="article_container" id="item_description_211719">


    
        <a class="article_name" title="Ver ficha de CHAPATA RECONDO REBANADAS 180 G" href="/CHAPATA-RECONDO-REBANADAS-180-G_211719_prd_es_ES.jsp" itemprop="url"><span itemprop="name" id="description_text">CHAPATA RECONDO REBANADAS 180 G</span></a>
    

        <!--informacion de gluten y calorias -->
        <div class="info_container">

            
                <span class="calories">403 <span>kcal</span></span>
                <a class="info" title="Producto con 403 kilocalorías" href="javascript:void(0);">
                    <span class="info_text">Producto con 403 kilocalorías.</span>
                </a>
            

            
                
                    <img class="info_icon" alt="10% Descuento para suscriptores Condisline Prime" src="//static.condisline.com/resize_39x39/images/product_icons/icon_subscription.png" width="39" height="39">

                    
                        <a class="info" title="10% Descuento para suscriptores Condisline Prime" href="javascript:void(0);">
                            <span class="info_text">10% Descuento para suscriptores Condisline Prime</span>
                        </a>
                    
                
            
        </div>

        <img class="article_image" alt="CHAPATA RECONDO REBANADAS 180 G" data-original="//static.condisline.com/resize_190x200/images/catalog/large/211719.jpg" src="//static.condisline.com/resize_190x200/images/catalog/large/211719.jpg" width="190" height="200" style="display: block;">

        <meta itemprop="image" content="//static.condisline.com/resize_190x200/images/catalog/large/211719.jpg">

        <div class="article_price_container" itemprop="offers" itemscope="" itemtype="http://schema.org/Offer">

            <!-- Price -->
            
                
                <span class="article_price" itemprop="price"><span id="list_price_211719">2,44</span></span>
                <span class="currency">€</span>
                <script>
                    formatNumber('2.44', 'list_price_211719');
                </script>
            

            <meta itemprop="priceCurrency" content="EUR">
            <div class="unit_container">
                
                    <a class="substract_button" title="Menos" href="javascript:void(0);">-</a>
                
                <label class="quantity_container">
                    
                        
                            <input class="input_quantity_product" id="item_quantity_211719" type="number" data-product="211719" value="" min="1" max="999" required="" autocomplete="off">
                        
                    
                </label>
                
                    <a class="add_button" title="Más" href="javascript:void(0);">+</a>
                    <a class="added_tick" title="Cambiar unidades" href="javascript:void(0);"></a>
                
            </div>

            
                
                    <div class="article_pum">
                        <span>     13,56€/Kilo</span>
                    </div>
                
            

            
                
                    <a data-product-id="211719" class="orange_button btn_add2cart" title="Añadir al carrito" onclick="dataLayer.push({event: 'event_gtm',category:'acciones usuario', action:'a�adir producto desde listado'})" href="javascript:addToCartFromItemList('211719')">AÑADIR AL CARRITO &gt;</a>
                
            
            <span class="added_button">En carrito</span>

            
            
            <a class="white_button" title="Añadir a mi lista" href="javascript:addToListFromItemList('211719')" onclick="dataLayer.push({event: 'event_gtm',category:'acciones usuario', action:'a�adir producto a lista'});">Añadir a mi lista</a>
            
            
        </div>

        
            <a class="article_link" title="Ver ficha de CHAPATA RECONDO REBANADAS 180 G" href="/CHAPATA-RECONDO-REBANADAS-180-G_211719_prd_es_ES.jsp" onclick="javascript:callingTaggingEnpoints('')" itemprop="url"></a>
        
        <div class="hover_container">
            <div class="hover">
                <div class="info_symbol"></div>
            </div>
        </div>

        

        
    </article>
            </li>
        
            <li class="article" itemprop="itemListElement" itemscope="" itemtype="http://schema.org/Product">
                
    <article class="article_container" id="item_description_213154">


    
        <a class="article_name" title="Ver ficha de PAN MOLDE CONDIS INTEGRAL 460 G" href="/PAN-MOLDE-CONDIS-INTEGRAL-460-G_213154_prd_es_ES.jsp" itemprop="url"><span itemprop="name" id="description_text">PAN MOLDE CONDIS INTEGRAL 460 G</span></a>
    

        <!--informacion de gluten y calorias -->
        <div class="info_container">

            
                <span class="calories">250 <span>kcal</span></span>
                <a class="info" title="Producto con 250 kilocalorías" href="javascript:void(0);">
                    <span class="info_text">Producto con 250 kilocalorías.</span>
                </a>
            

            
                
                    <img class="info_icon" alt="10% Descuento para suscriptores Condisline Prime" src="//static.condisline.com/resize_39x39/images/product_icons/icon_subscription.png" width="39" height="39">

                    
                        <a class="info" title="10% Descuento para suscriptores Condisline Prime" href="javascript:void(0);">
                            <span class="info_text">10% Descuento para suscriptores Condisline Prime</span>
                        </a>
                    
                
                    <img class="info_icon" alt="Marca propia" src="//static.condisline.com/resize_39x39/images/product_icons/marca_propia.png" width="39" height="39">

                    
                        <a class="info" title="Marca propia" href="javascript:void(0);">
                            <span class="info_text">Marca propia</span>
                        </a>
                    
                
            
        </div>

        <img class="article_image" alt="PAN MOLDE CONDIS INTEGRAL 460 G" data-original="//static.condisline.com/resize_190x200/images/catalog/large/213154.jpg" src="//static.condisline.com/resize_190x200/images/catalog/large/213154.jpg" width="190" height="200" style="display: block;">

        <meta itemprop="image" content="//static.condisline.com/resize_190x200/images/catalog/large/213154.jpg">

        <div class="article_price_container" itemprop="offers" itemscope="" itemtype="http://schema.org/Offer">

            <!-- Price -->
            
                
                <span class="article_price" itemprop="price"><span id="list_price_213154">0,90</span></span>
                <span class="currency">€</span>
                <script>
                    formatNumber('0.9', 'list_price_213154');
                </script>
            

            <meta itemprop="priceCurrency" content="EUR">
            <div class="unit_container">
                
                    <a class="substract_button" title="Menos" href="javascript:void(0);">-</a>
                
                <label class="quantity_container">
                    
                        
                            <input class="input_quantity_product" id="item_quantity_213154" type="number" data-product="213154" value="" min="1" max="999" required="" autocomplete="off">
                        
                    
                </label>
                
                    <a class="add_button" title="Más" href="javascript:void(0);">+</a>
                    <a class="added_tick" title="Cambiar unidades" href="javascript:void(0);"></a>
                
            </div>

            
                
                    <div class="article_pum">
                        <span>      1,96€/Kilo</span>
                    </div>
                
            

            
                
                    <a data-product-id="213154" class="orange_button btn_add2cart" title="Añadir al carrito" onclick="dataLayer.push({event: 'event_gtm',category:'acciones usuario', action:'a�adir producto desde listado'})" href="javascript:addToCartFromItemList('213154')">AÑADIR AL CARRITO &gt;</a>
                
            
            <span class="added_button">En carrito</span>

            
            
            <a class="white_button" title="Añadir a mi lista" href="javascript:addToListFromItemList('213154')" onclick="dataLayer.push({event: 'event_gtm',category:'acciones usuario', action:'a�adir producto a lista'});">Añadir a mi lista</a>
            
            
        </div>

        
            <a class="article_link" title="Ver ficha de PAN MOLDE CONDIS INTEGRAL 460 G" href="/PAN-MOLDE-CONDIS-INTEGRAL-460-G_213154_prd_es_ES.jsp" onclick="javascript:callingTaggingEnpoints('')" itemprop="url"></a>
        
        <div class="hover_container">
            <div class="hover">
                <div class="info_symbol"></div>
            </div>
        </div>

        

        
    </article>
            </li>
        
            <li class="article" itemprop="itemListElement" itemscope="" itemtype="http://schema.org/Product">
                
    <article class="article_container" id="item_description_211785">


    
        <a class="article_name" title="Ver ficha de ARTESANITOS LA RÚSTICA GOURMET 200 G" href="/ARTESANITOS-LA-RUSTICA-GOURMET-200-G_211785_prd_es_ES.jsp" itemprop="url"><span itemprop="name" id="description_text">ARTESANITOS LA RÚSTICA GOURMET 200 G</span></a>
    

        <!--informacion de gluten y calorias -->
        <div class="info_container">

            

            
                
                    <img class="info_icon" alt="10% Descuento para suscriptores Condisline Prime" src="//static.condisline.com/resize_39x39/images/product_icons/icon_subscription.png" width="39" height="39">

                    
                        <a class="info" title="10% Descuento para suscriptores Condisline Prime" href="javascript:void(0);">
                            <span class="info_text">10% Descuento para suscriptores Condisline Prime</span>
                        </a>
                    
                
            
        </div>

        <img class="article_image" alt="ARTESANITOS LA RÚSTICA GOURMET 200 G" data-original="//static.condisline.com/resize_190x200/images/catalog/large/211785.jpg" src="//static.condisline.com/resize_190x200/images/catalog/large/211785.jpg" width="190" height="200" style="display: block;">

        <meta itemprop="image" content="//static.condisline.com/resize_190x200/images/catalog/large/211785.jpg">

        <div class="article_price_container" itemprop="offers" itemscope="" itemtype="http://schema.org/Offer">

            <!-- Price -->
            
                
                <span class="article_price" itemprop="price"><span id="list_price_211785">1,89</span></span>
                <span class="currency">€</span>
                <script>
                    formatNumber('1.89', 'list_price_211785');
                </script>
            

            <meta itemprop="priceCurrency" content="EUR">
            <div class="unit_container">
                
                    <a class="substract_button" title="Menos" href="javascript:void(0);">-</a>
                
                <label class="quantity_container">
                    
                        
                            <input class="input_quantity_product" id="item_quantity_211785" type="number" data-product="211785" value="" min="1" max="999" required="" autocomplete="off">
                        
                    
                </label>
                
                    <a class="add_button" title="Más" href="javascript:void(0);">+</a>
                    <a class="added_tick" title="Cambiar unidades" href="javascript:void(0);"></a>
                
            </div>

            
                
                    <div class="article_pum">
                        <span>      9,45€/Kilo</span>
                    </div>
                
            

            
                
                    <a data-product-id="211785" class="orange_button btn_add2cart" title="Añadir al carrito" onclick="dataLayer.push({event: 'event_gtm',category:'acciones usuario', action:'a�adir producto desde listado'})" href="javascript:addToCartFromItemList('211785')">AÑADIR AL CARRITO &gt;</a>
                
            
            <span class="added_button">En carrito</span>

            
            
            <a class="white_button" title="Añadir a mi lista" href="javascript:addToListFromItemList('211785')" onclick="dataLayer.push({event: 'event_gtm',category:'acciones usuario', action:'a�adir producto a lista'});">Añadir a mi lista</a>
            
            
        </div>

        
            <a class="article_link" title="Ver ficha de ARTESANITOS LA RÚSTICA GOURMET 200 G" href="/ARTESANITOS-LA-RUSTICA-GOURMET-200-G_211785_prd_es_ES.jsp" onclick="javascript:callingTaggingEnpoints('')" itemprop="url"></a>
        
        <div class="hover_container">
            <div class="hover">
                <div class="info_symbol"></div>
            </div>
        </div>

        

        
    </article>
            </li>
        
            <li class="article" itemprop="itemListElement" itemscope="" itemtype="http://schema.org/Product">
                
    <article class="article_container" id="item_description_211390">


    
        <a class="article_name" title="Ver ficha de PICATOSTES RECONDO NATURAL 80 G" href="/PICATOSTES-RECONDO-NATURAL-80-G_211390_prd_es_ES.jsp" itemprop="url"><span itemprop="name" id="description_text">PICATOSTES RECONDO NATURAL 80 G</span></a>
    

        <!--informacion de gluten y calorias -->
        <div class="info_container">

            
                <span class="calories">483 <span>kcal</span></span>
                <a class="info" title="Producto con 483 kilocalorías" href="javascript:void(0);">
                    <span class="info_text">Producto con 483 kilocalorías.</span>
                </a>
            

            
                
                    <img class="info_icon" alt="10% Descuento para suscriptores Condisline Prime" src="//static.condisline.com/resize_39x39/images/product_icons/icon_subscription.png" width="39" height="39">

                    
                        <a class="info" title="10% Descuento para suscriptores Condisline Prime" href="javascript:void(0);">
                            <span class="info_text">10% Descuento para suscriptores Condisline Prime</span>
                        </a>
                    
                
            
        </div>

        <img class="article_image" alt="PICATOSTES RECONDO NATURAL 80 G" data-original="//static.condisline.com/resize_190x200/images/catalog/large/211390.jpg" src="//static.condisline.com/resize_190x200/images/catalog/large/211390.jpg" width="190" height="200" style="display: block;">

        <meta itemprop="image" content="//static.condisline.com/resize_190x200/images/catalog/large/211390.jpg">

        <div class="article_price_container" itemprop="offers" itemscope="" itemtype="http://schema.org/Offer">

            <!-- Price -->
            
                
                <span class="article_price" itemprop="price"><span id="list_price_211390">1,40</span></span>
                <span class="currency">€</span>
                <script>
                    formatNumber('1.4', 'list_price_211390');
                </script>
            

            <meta itemprop="priceCurrency" content="EUR">
            <div class="unit_container">
                
                    <a class="substract_button" title="Menos" href="javascript:void(0);">-</a>
                
                <label class="quantity_container">
                    
                        
                            <input class="input_quantity_product" id="item_quantity_211390" type="number" data-product="211390" value="" min="1" max="999" required="" autocomplete="off">
                        
                    
                </label>
                
                    <a class="add_button" title="Más" href="javascript:void(0);">+</a>
                    <a class="added_tick" title="Cambiar unidades" href="javascript:void(0);"></a>
                
            </div>

            
                
                    <div class="article_pum">
                        <span>     17,50€/Kilo</span>
                    </div>
                
            

            
                
                    <a data-product-id="211390" class="orange_button btn_add2cart" title="Añadir al carrito" onclick="dataLayer.push({event: 'event_gtm',category:'acciones usuario', action:'a�adir producto desde listado'})" href="javascript:addToCartFromItemList('211390')">AÑADIR AL CARRITO &gt;</a>
                
            
            <span class="added_button">En carrito</span>

            
            
            <a class="white_button" title="Añadir a mi lista" href="javascript:addToListFromItemList('211390')" onclick="dataLayer.push({event: 'event_gtm',category:'acciones usuario', action:'a�adir producto a lista'});">Añadir a mi lista</a>
            
            
        </div>

        
            <a class="article_link" title="Ver ficha de PICATOSTES RECONDO NATURAL 80 G" href="/PICATOSTES-RECONDO-NATURAL-80-G_211390_prd_es_ES.jsp" onclick="javascript:callingTaggingEnpoints('')" itemprop="url"></a>
        
        <div class="hover_container">
            <div class="hover">
                <div class="info_symbol"></div>
            </div>
        </div>

        

        
    </article>
            </li>
        
            <li class="article" itemprop="itemListElement" itemscope="" itemtype="http://schema.org/Product">
                
    <article class="article_container" id="item_description_213155">


    
        <a class="article_name" title="Ver ficha de PAN MOLDE CONDIS BLANCO 460 G" href="/PAN-MOLDE-CONDIS-BLANCO-460-G_213155_prd_es_ES.jsp" itemprop="url"><span itemprop="name" id="description_text">PAN MOLDE CONDIS BLANCO 460 G</span></a>
    

        <!--informacion de gluten y calorias -->
        <div class="info_container">

            
                <span class="calories">267 <span>kcal</span></span>
                <a class="info" title="Producto con 267 kilocalorías" href="javascript:void(0);">
                    <span class="info_text">Producto con 267 kilocalorías.</span>
                </a>
            

            
                
                    <img class="info_icon" alt="10% Descuento para suscriptores Condisline Prime" src="//static.condisline.com/resize_39x39/images/product_icons/icon_subscription.png" width="39" height="39">

                    
                        <a class="info" title="10% Descuento para suscriptores Condisline Prime" href="javascript:void(0);">
                            <span class="info_text">10% Descuento para suscriptores Condisline Prime</span>
                        </a>
                    
                
                    <img class="info_icon" alt="Marca propia" src="//static.condisline.com/resize_39x39/images/product_icons/marca_propia.png" width="39" height="39">

                    
                        <a class="info" title="Marca propia" href="javascript:void(0);">
                            <span class="info_text">Marca propia</span>
                        </a>
                    
                
            
        </div>

        <img class="article_image" alt="PAN MOLDE CONDIS BLANCO 460 G" data-original="//static.condisline.com/resize_190x200/images/catalog/large/213155.jpg" src="//static.condisline.com/resize_190x200/images/catalog/large/213155.jpg" width="190" height="200" style="display: block;">

        <meta itemprop="image" content="//static.condisline.com/resize_190x200/images/catalog/large/213155.jpg">

        <div class="article_price_container" itemprop="offers" itemscope="" itemtype="http://schema.org/Offer">

            <!-- Price -->
            
                
                <span class="article_price" itemprop="price"><span id="list_price_213155">0,90</span></span>
                <span class="currency">€</span>
                <script>
                    formatNumber('0.9', 'list_price_213155');
                </script>
            

            <meta itemprop="priceCurrency" content="EUR">
            <div class="unit_container">
                
                    <a class="substract_button" title="Menos" href="javascript:void(0);">-</a>
                
                <label class="quantity_container">
                    
                        
                            <input class="input_quantity_product" id="item_quantity_213155" type="number" data-product="213155" value="" min="1" max="999" required="" autocomplete="off">
                        
                    
                </label>
                
                    <a class="add_button" title="Más" href="javascript:void(0);">+</a>
                    <a class="added_tick" title="Cambiar unidades" href="javascript:void(0);"></a>
                
            </div>

            
                
                    <div class="article_pum">
                        <span>      1,96€/Kilo</span>
                    </div>
                
            

            
                
                    <a data-product-id="213155" class="orange_button btn_add2cart" title="Añadir al carrito" onclick="dataLayer.push({event: 'event_gtm',category:'acciones usuario', action:'a�adir producto desde listado'})" href="javascript:addToCartFromItemList('213155')">AÑADIR AL CARRITO &gt;</a>
                
            
            <span class="added_button">En carrito</span>

            
            
            <a class="white_button" title="Añadir a mi lista" href="javascript:addToListFromItemList('213155')" onclick="dataLayer.push({event: 'event_gtm',category:'acciones usuario', action:'a�adir producto a lista'});">Añadir a mi lista</a>
            
            
        </div>

        
            <a class="article_link" title="Ver ficha de PAN MOLDE CONDIS BLANCO 460 G" href="/PAN-MOLDE-CONDIS-BLANCO-460-G_213155_prd_es_ES.jsp" onclick="javascript:callingTaggingEnpoints('')" itemprop="url"></a>
        
        <div class="hover_container">
            <div class="hover">
                <div class="info_symbol"></div>
            </div>
        </div>

        

        
    </article>
            </li>
        
            <li class="article" itemprop="itemListElement" itemscope="" itemtype="http://schema.org/Product">
                
    <article class="article_container" id="item_description_118061">


    
        <a class="article_name" title="Ver ficha de HARINA TRIGO GALLO EXTRA 1 KG" href="/HARINA-TRIGO-GALLO-EXTRA-1-KG_118061_prd_es_ES.jsp" itemprop="url"><span itemprop="name" id="description_text">HARINA TRIGO GALLO EXTRA 1 KG</span></a>
    

        <!--informacion de gluten y calorias -->
        <div class="info_container">

            
                <span class="calories">352 <span>kcal</span></span>
                <a class="info" title="Producto con 352 kilocalorías" href="javascript:void(0);">
                    <span class="info_text">Producto con 352 kilocalorías.</span>
                </a>
            

            
                
                    <img class="info_icon" alt="10% Descuento para suscriptores Condisline Prime" src="//static.condisline.com/resize_39x39/images/product_icons/icon_subscription.png" width="39" height="39">

                    
                        <a class="info" title="10% Descuento para suscriptores Condisline Prime" href="javascript:void(0);">
                            <span class="info_text">10% Descuento para suscriptores Condisline Prime</span>
                        </a>
                    
                
            
        </div>

        <img class="article_image" alt="HARINA TRIGO GALLO EXTRA 1 KG" data-original="//static.condisline.com/resize_190x200/images/catalog/large/118061.jpg" src="//static.condisline.com/resize_190x200/images/catalog/large/118061.jpg" width="190" height="200" style="display: block;">

        <meta itemprop="image" content="//static.condisline.com/resize_190x200/images/catalog/large/118061.jpg">

        <div class="article_price_container" itemprop="offers" itemscope="" itemtype="http://schema.org/Offer">

            <!-- Price -->
            
                
                <span class="article_price" itemprop="price"><span id="list_price_118061">1,45</span></span>
                <span class="currency">€</span>
                <script>
                    formatNumber('1.45', 'list_price_118061');
                </script>
            

            <meta itemprop="priceCurrency" content="EUR">
            <div class="unit_container">
                
                    <a class="substract_button" title="Menos" href="javascript:void(0);">-</a>
                
                <label class="quantity_container">
                    
                        
                            <input class="input_quantity_product" id="item_quantity_118061" type="number" data-product="118061" value="" min="1" max="999" required="" autocomplete="off">
                        
                    
                </label>
                
                    <a class="add_button" title="Más" href="javascript:void(0);">+</a>
                    <a class="added_tick" title="Cambiar unidades" href="javascript:void(0);"></a>
                
            </div>

            
                
                    <div class="article_pum">
                        <span>      1,45€/Kilo</span>
                    </div>
                
            

            
                
                    <a data-product-id="118061" class="orange_button btn_add2cart" title="Añadir al carrito" onclick="dataLayer.push({event: 'event_gtm',category:'acciones usuario', action:'a�adir producto desde listado'})" href="javascript:addToCartFromItemList('118061')">AÑADIR AL CARRITO &gt;</a>
                
            
            <span class="added_button">En carrito</span>

            
            
            <a class="white_button" title="Añadir a mi lista" href="javascript:addToListFromItemList('118061')" onclick="dataLayer.push({event: 'event_gtm',category:'acciones usuario', action:'a�adir producto a lista'});">Añadir a mi lista</a>
            
            
        </div>

        
            <a class="article_link" title="Ver ficha de HARINA TRIGO GALLO EXTRA 1 KG" href="/HARINA-TRIGO-GALLO-EXTRA-1-KG_118061_prd_es_ES.jsp" onclick="javascript:callingTaggingEnpoints('')" itemprop="url"></a>
        
        <div class="hover_container">
            <div class="hover">
                <div class="info_symbol"></div>
            </div>
        </div>

        

        
    </article>
            </li>
        
            <li class="article" itemprop="itemListElement" itemscope="" itemtype="http://schema.org/Product">
                
    <article class="article_container" id="item_description_211251">


    
        <a class="article_name" title="Ver ficha de PANECILLOS QUELY QUELITAS 200 G" href="/PANECILLOS-QUELY-QUELITAS-200-G_211251_prd_es_ES.jsp" itemprop="url"><span itemprop="name" id="description_text">PANECILLOS QUELY QUELITAS 200 G</span></a>
    

        <!--informacion de gluten y calorias -->
        <div class="info_container">

            

            
                
                    <img class="info_icon" alt="10% Descuento para suscriptores Condisline Prime" src="//static.condisline.com/resize_39x39/images/product_icons/icon_subscription.png" width="39" height="39">

                    
                        <a class="info" title="10% Descuento para suscriptores Condisline Prime" href="javascript:void(0);">
                            <span class="info_text">10% Descuento para suscriptores Condisline Prime</span>
                        </a>
                    
                
            
        </div>

        <img class="article_image" alt="PANECILLOS QUELY QUELITAS 200 G" data-original="//static.condisline.com/resize_190x200/images/catalog/large/211251.jpg" src="//static.condisline.com/resize_190x200/images/catalog/large/211251.jpg" width="190" height="200" style="display: block;">

        <meta itemprop="image" content="//static.condisline.com/resize_190x200/images/catalog/large/211251.jpg">

        <div class="article_price_container" itemprop="offers" itemscope="" itemtype="http://schema.org/Offer">

            <!-- Price -->
            
                
                <span class="article_price" itemprop="price"><span id="list_price_211251">1,59</span></span>
                <span class="currency">€</span>
                <script>
                    formatNumber('1.59', 'list_price_211251');
                </script>
            

            <meta itemprop="priceCurrency" content="EUR">
            <div class="unit_container">
                
                    <a class="substract_button" title="Menos" href="javascript:void(0);">-</a>
                
                <label class="quantity_container">
                    
                        
                            <input class="input_quantity_product" id="item_quantity_211251" type="number" data-product="211251" value="" min="1" max="999" required="" autocomplete="off">
                        
                    
                </label>
                
                    <a class="add_button" title="Más" href="javascript:void(0);">+</a>
                    <a class="added_tick" title="Cambiar unidades" href="javascript:void(0);"></a>
                
            </div>

            
                
                    <div class="article_pum">
                        <span>      7,95€/Kilo</span>
                    </div>
                
            

            
                
                    <a data-product-id="211251" class="orange_button btn_add2cart" title="Añadir al carrito" onclick="dataLayer.push({event: 'event_gtm',category:'acciones usuario', action:'a�adir producto desde listado'})" href="javascript:addToCartFromItemList('211251')">AÑADIR AL CARRITO &gt;</a>
                
            
            <span class="added_button">En carrito</span>

            
            
            <a class="white_button" title="Añadir a mi lista" href="javascript:addToListFromItemList('211251')" onclick="dataLayer.push({event: 'event_gtm',category:'acciones usuario', action:'a�adir producto a lista'});">Añadir a mi lista</a>
            
            
        </div>

        
            <a class="article_link" title="Ver ficha de PANECILLOS QUELY QUELITAS 200 G" href="/PANECILLOS-QUELY-QUELITAS-200-G_211251_prd_es_ES.jsp" onclick="javascript:callingTaggingEnpoints('')" itemprop="url"></a>
        
        <div class="hover_container">
            <div class="hover">
                <div class="info_symbol"></div>
            </div>
        </div>

        

        
    </article>
            </li>
        
            <li class="article" itemprop="itemListElement" itemscope="" itemtype="http://schema.org/Product">
                
    <article class="article_container" id="item_description_213085">


    
        <a class="article_name" title="Ver ficha de PAN SAINT HONO CRISTALINO 200 G" href="/PAN-SAINT-HONO-CRISTALINO-200-G_213085_prd_es_ES.jsp" itemprop="url"><span itemprop="name" id="description_text">PAN SAINT HONO CRISTALINO 200 G</span></a>
    

        <!--informacion de gluten y calorias -->
        <div class="info_container">

            

            
                
                    <img class="info_icon" alt="10% Descuento para suscriptores Condisline Prime" src="//static.condisline.com/resize_39x39/images/product_icons/icon_subscription.png" width="39" height="39">

                    
                        <a class="info" title="10% Descuento para suscriptores Condisline Prime" href="javascript:void(0);">
                            <span class="info_text">10% Descuento para suscriptores Condisline Prime</span>
                        </a>
                    
                
            
        </div>

        <img class="article_image" alt="PAN SAINT HONO CRISTALINO 200 G" data-original="//static.condisline.com/resize_190x200/images/catalog/large/213085.jpg" src="//static.condisline.com/resize_190x200/images/catalog/large/213085.jpg" width="190" height="200" style="display: block;">

        <meta itemprop="image" content="//static.condisline.com/resize_190x200/images/catalog/large/213085.jpg">

        <div class="article_price_container" itemprop="offers" itemscope="" itemtype="http://schema.org/Offer">

            <!-- Price -->
            
                
                <span class="article_price" itemprop="price"><span id="list_price_213085">2,35</span></span>
                <span class="currency">€</span>
                <script>
                    formatNumber('2.35', 'list_price_213085');
                </script>
            

            <meta itemprop="priceCurrency" content="EUR">
            <div class="unit_container">
                
                    <a class="substract_button" title="Menos" href="javascript:void(0);">-</a>
                
                <label class="quantity_container">
                    
                        
                            <input class="input_quantity_product" id="item_quantity_213085" type="number" data-product="213085" value="" min="1" max="999" required="" autocomplete="off">
                        
                    
                </label>
                
                    <a class="add_button" title="Más" href="javascript:void(0);">+</a>
                    <a class="added_tick" title="Cambiar unidades" href="javascript:void(0);"></a>
                
            </div>

            
                
                    <div class="article_pum">
                        <span>     11,75€/Kilo</span>
                    </div>
                
            

            
                
                    <a data-product-id="213085" class="orange_button btn_add2cart" title="Añadir al carrito" onclick="dataLayer.push({event: 'event_gtm',category:'acciones usuario', action:'a�adir producto desde listado'})" href="javascript:addToCartFromItemList('213085')">AÑADIR AL CARRITO &gt;</a>
                
            
            <span class="added_button">En carrito</span>

            
            
            <a class="white_button" title="Añadir a mi lista" href="javascript:addToListFromItemList('213085')" onclick="dataLayer.push({event: 'event_gtm',category:'acciones usuario', action:'a�adir producto a lista'});">Añadir a mi lista</a>
            
            
        </div>

        
            <a class="article_link" title="Ver ficha de PAN SAINT HONO CRISTALINO 200 G" href="/PAN-SAINT-HONO-CRISTALINO-200-G_213085_prd_es_ES.jsp" onclick="javascript:callingTaggingEnpoints('')" itemprop="url"></a>
        
        <div class="hover_container">
            <div class="hover">
                <div class="info_symbol"></div>
            </div>
        </div>

        

        
    </article>
            </li>
        
            <li class="article" itemprop="itemListElement" itemscope="" itemtype="http://schema.org/Product">
                
    <article class="article_container" id="item_description_211794">


    
        <a class="article_name" title="Ver ficha de PALITOS FINA PIPAS 90 G" href="/PALITOS-FINA-PIPAS-90-G_211794_prd_es_ES.jsp" itemprop="url"><span itemprop="name" id="description_text">PALITOS FINA PIPAS 90 G</span></a>
    

        <!--informacion de gluten y calorias -->
        <div class="info_container">

            
                <span class="calories">511 <span>kcal</span></span>
                <a class="info" title="Producto con 511 kilocalorías" href="javascript:void(0);">
                    <span class="info_text">Producto con 511 kilocalorías.</span>
                </a>
            

            
                
                    <img class="info_icon" alt="10% Descuento para suscriptores Condisline Prime" src="//static.condisline.com/resize_39x39/images/product_icons/icon_subscription.png" width="39" height="39">

                    
                        <a class="info" title="10% Descuento para suscriptores Condisline Prime" href="javascript:void(0);">
                            <span class="info_text">10% Descuento para suscriptores Condisline Prime</span>
                        </a>
                    
                
            
        </div>

        <img class="article_image" alt="PALITOS FINA PIPAS 90 G" data-original="//static.condisline.com/resize_190x200/images/catalog/large/211794.jpg" src="//static.condisline.com/resize_190x200/images/catalog/large/211794.jpg" width="190" height="200">

        <meta itemprop="image" content="//static.condisline.com/resize_190x200/images/catalog/large/211794.jpg">

        <div class="article_price_container" itemprop="offers" itemscope="" itemtype="http://schema.org/Offer">

            <!-- Price -->
            
                
                <span class="article_price" itemprop="price"><span id="list_price_211794">1,03</span></span>
                <span class="currency">€</span>
                <script>
                    formatNumber('1.03', 'list_price_211794');
                </script>
            

            <meta itemprop="priceCurrency" content="EUR">
            <div class="unit_container">
                
                    <a class="substract_button" title="Menos" href="javascript:void(0);">-</a>
                
                <label class="quantity_container">
                    
                        
                            <input class="input_quantity_product" id="item_quantity_211794" type="number" data-product="211794" value="" min="1" max="999" required="" autocomplete="off">
                        
                    
                </label>
                
                    <a class="add_button" title="Más" href="javascript:void(0);">+</a>
                    <a class="added_tick" title="Cambiar unidades" href="javascript:void(0);"></a>
                
            </div>

            
                
                    <div class="article_pum">
                        <span>     11,44€/Kilo</span>
                    </div>
                
            

            
                
                    <a data-product-id="211794" class="orange_button btn_add2cart" title="Añadir al carrito" onclick="dataLayer.push({event: 'event_gtm',category:'acciones usuario', action:'a�adir producto desde listado'})" href="javascript:addToCartFromItemList('211794')">AÑADIR AL CARRITO &gt;</a>
                
            
            <span class="added_button">En carrito</span>

            
            
            <a class="white_button" title="Añadir a mi lista" href="javascript:addToListFromItemList('211794')" onclick="dataLayer.push({event: 'event_gtm',category:'acciones usuario', action:'a�adir producto a lista'});">Añadir a mi lista</a>
            
            
        </div>

        
            <a class="article_link" title="Ver ficha de PALITOS FINA PIPAS 90 G" href="/PALITOS-FINA-PIPAS-90-G_211794_prd_es_ES.jsp" onclick="javascript:callingTaggingEnpoints('')" itemprop="url"></a>
        
        <div class="hover_container">
            <div class="hover">
                <div class="info_symbol"></div>
            </div>
        </div>

        

        
    </article>
            </li>
        
            <li class="article" itemprop="itemListElement" itemscope="" itemtype="http://schema.org/Product">
                
    <article class="article_container" id="item_description_118010">


    
        <a class="article_name" title="Ver ficha de HARINA TRIGO CONDIS 1 KG" href="/HARINA-TRIGO-CONDIS-1-KG_118010_prd_es_ES.jsp" itemprop="url"><span itemprop="name" id="description_text">HARINA TRIGO CONDIS 1 KG</span></a>
    

        <!--informacion de gluten y calorias -->
        <div class="info_container">

            
                <span class="calories">339 <span>kcal</span></span>
                <a class="info" title="Producto con 339 kilocalorías" href="javascript:void(0);">
                    <span class="info_text">Producto con 339 kilocalorías.</span>
                </a>
            

            
                
                    <img class="info_icon" alt="10% Descuento para suscriptores Condisline Prime" src="//static.condisline.com/resize_39x39/images/product_icons/icon_subscription.png" width="39" height="39">

                    
                        <a class="info" title="10% Descuento para suscriptores Condisline Prime" href="javascript:void(0);">
                            <span class="info_text">10% Descuento para suscriptores Condisline Prime</span>
                        </a>
                    
                
                    <img class="info_icon" alt="Marca propia" src="//static.condisline.com/resize_39x39/images/product_icons/marca_propia.png" width="39" height="39">

                    
                        <a class="info" title="Marca propia" href="javascript:void(0);">
                            <span class="info_text">Marca propia</span>
                        </a>
                    
                
            
        </div>

        <img class="article_image" alt="HARINA TRIGO CONDIS 1 KG" data-original="//static.condisline.com/resize_190x200/images/catalog/large/118010.jpg" src="//static.condisline.com/resize_190x200/images/catalog/large/118010.jpg" width="190" height="200">

        <meta itemprop="image" content="//static.condisline.com/resize_190x200/images/catalog/large/118010.jpg">

        <div class="article_price_container" itemprop="offers" itemscope="" itemtype="http://schema.org/Offer">

            <!-- Price -->
            
                
                <span class="article_price" itemprop="price"><span id="list_price_118010">0,72</span></span>
                <span class="currency">€</span>
                <script>
                    formatNumber('0.72', 'list_price_118010');
                </script>
            

            <meta itemprop="priceCurrency" content="EUR">
            <div class="unit_container">
                
                    <a class="substract_button" title="Menos" href="javascript:void(0);">-</a>
                
                <label class="quantity_container">
                    
                        
                            <input class="input_quantity_product" id="item_quantity_118010" type="number" data-product="118010" value="" min="1" max="999" required="" autocomplete="off">
                        
                    
                </label>
                
                    <a class="add_button" title="Más" href="javascript:void(0);">+</a>
                    <a class="added_tick" title="Cambiar unidades" href="javascript:void(0);"></a>
                
            </div>

            
                
                    <div class="article_pum">
                        <span>      0,72€/Kilo</span>
                    </div>
                
            

            
                
                    <a data-product-id="118010" class="orange_button btn_add2cart" title="Añadir al carrito" onclick="dataLayer.push({event: 'event_gtm',category:'acciones usuario', action:'a�adir producto desde listado'})" href="javascript:addToCartFromItemList('118010')">AÑADIR AL CARRITO &gt;</a>
                
            
            <span class="added_button">En carrito</span>

            
            
            <a class="white_button" title="Añadir a mi lista" href="javascript:addToListFromItemList('118010')" onclick="dataLayer.push({event: 'event_gtm',category:'acciones usuario', action:'a�adir producto a lista'});">Añadir a mi lista</a>
            
            
        </div>

        
            <a class="article_link" title="Ver ficha de HARINA TRIGO CONDIS 1 KG" href="/HARINA-TRIGO-CONDIS-1-KG_118010_prd_es_ES.jsp" onclick="javascript:callingTaggingEnpoints('')" itemprop="url"></a>
        
        <div class="hover_container">
            <div class="hover">
                <div class="info_symbol"></div>
            </div>
        </div>

        

        
    </article>
            </li>
        
            <li class="article" itemprop="itemListElement" itemscope="" itemtype="http://schema.org/Product">
                
    <article class="article_container" id="item_description_211694">


    
        <a class="article_name" title="Ver ficha de RUSTIK BAKERY HOGAZA CEREAL 400 G" href="/RUSTIK-BAKERY-HOGAZA-CEREAL-400-G_211694_prd_es_ES.jsp" itemprop="url"><span itemprop="name" id="description_text">RUSTIK BAKERY HOGAZA CEREAL 400 G</span></a>
    

        <!--informacion de gluten y calorias -->
        <div class="info_container">

            
                <span class="calories">245 <span>kcal</span></span>
                <a class="info" title="Producto con 245 kilocalorías" href="javascript:void(0);">
                    <span class="info_text">Producto con 245 kilocalorías.</span>
                </a>
            

            
                
                    <img class="info_icon" alt="10% Descuento para suscriptores Condisline Prime" src="//static.condisline.com/resize_39x39/images/product_icons/icon_subscription.png" width="39" height="39">

                    
                        <a class="info" title="10% Descuento para suscriptores Condisline Prime" href="javascript:void(0);">
                            <span class="info_text">10% Descuento para suscriptores Condisline Prime</span>
                        </a>
                    
                
            
        </div>

        <img class="article_image" alt="RUSTIK BAKERY HOGAZA CEREAL 400 G" data-original="//static.condisline.com/resize_190x200/images/catalog/large/211694.jpg" src="//static.condisline.com/resize_190x200/images/catalog/large/211694.jpg" width="190" height="200">

        <meta itemprop="image" content="//static.condisline.com/resize_190x200/images/catalog/large/211694.jpg">

        <div class="article_price_container" itemprop="offers" itemscope="" itemtype="http://schema.org/Offer">

            <!-- Price -->
            
                
                <span class="article_price" itemprop="price"><span id="list_price_211694">2,83</span></span>
                <span class="currency">€</span>
                <script>
                    formatNumber('2.83', 'list_price_211694');
                </script>
            

            <meta itemprop="priceCurrency" content="EUR">
            <div class="unit_container">
                
                    <a class="substract_button" title="Menos" href="javascript:void(0);">-</a>
                
                <label class="quantity_container">
                    
                        
                            <input class="input_quantity_product" id="item_quantity_211694" type="number" data-product="211694" value="" min="1" max="999" required="" autocomplete="off">
                        
                    
                </label>
                
                    <a class="add_button" title="Más" href="javascript:void(0);">+</a>
                    <a class="added_tick" title="Cambiar unidades" href="javascript:void(0);"></a>
                
            </div>

            
                
                    <div class="article_pum">
                        <span>      7,08€/Kilo</span>
                    </div>
                
            

            
                
                    <a data-product-id="211694" class="orange_button btn_add2cart" title="Añadir al carrito" onclick="dataLayer.push({event: 'event_gtm',category:'acciones usuario', action:'a�adir producto desde listado'})" href="javascript:addToCartFromItemList('211694')">AÑADIR AL CARRITO &gt;</a>
                
            
            <span class="added_button">En carrito</span>

            
            
            <a class="white_button" title="Añadir a mi lista" href="javascript:addToListFromItemList('211694')" onclick="dataLayer.push({event: 'event_gtm',category:'acciones usuario', action:'a�adir producto a lista'});">Añadir a mi lista</a>
            
            
        </div>

        
            <a class="article_link" title="Ver ficha de RUSTIK BAKERY HOGAZA CEREAL 400 G" href="/RUSTIK-BAKERY-HOGAZA-CEREAL-400-G_211694_prd_es_ES.jsp" onclick="javascript:callingTaggingEnpoints('')" itemprop="url"></a>
        
        <div class="hover_container">
            <div class="hover">
                <div class="info_symbol"></div>
            </div>
        </div>

        

        
    </article>
            </li>
        
            <li class="article" itemprop="itemListElement" itemscope="" itemtype="http://schema.org/Product">
                
    <article class="article_container" id="item_description_211937">


    
        <a class="article_name" title="Ver ficha de PICATOSTES LA RÚSTICA TOSTADOS 75 G" href="/PICATOSTES-LA-RUSTICA-TOSTADOS-75-G_211937_prd_es_ES.jsp" itemprop="url"><span itemprop="name" id="description_text">PICATOSTES LA RÚSTICA TOSTADOS 75 G</span></a>
    

        <!--informacion de gluten y calorias -->
        <div class="info_container">

            

            
                
                    <img class="info_icon" alt="10% Descuento para suscriptores Condisline Prime" src="//static.condisline.com/resize_39x39/images/product_icons/icon_subscription.png" width="39" height="39">

                    
                        <a class="info" title="10% Descuento para suscriptores Condisline Prime" href="javascript:void(0);">
                            <span class="info_text">10% Descuento para suscriptores Condisline Prime</span>
                        </a>
                    
                
            
        </div>

        <img class="article_image" alt="PICATOSTES LA RÚSTICA TOSTADOS 75 G" data-original="//static.condisline.com/resize_190x200/images/catalog/large/211937.jpg" src="//static.condisline.com/resize_190x200/images/catalog/large/211937.jpg" width="190" height="200">

        <meta itemprop="image" content="//static.condisline.com/resize_190x200/images/catalog/large/211937.jpg">

        <div class="article_price_container" itemprop="offers" itemscope="" itemtype="http://schema.org/Offer">

            <!-- Price -->
            
                
                <span class="article_price" itemprop="price"><span id="list_price_211937">0,80</span></span>
                <span class="currency">€</span>
                <script>
                    formatNumber('0.8', 'list_price_211937');
                </script>
            

            <meta itemprop="priceCurrency" content="EUR">
            <div class="unit_container">
                
                    <a class="substract_button" title="Menos" href="javascript:void(0);">-</a>
                
                <label class="quantity_container">
                    
                        
                            <input class="input_quantity_product" id="item_quantity_211937" type="number" data-product="211937" value="" min="1" max="999" required="" autocomplete="off">
                        
                    
                </label>
                
                    <a class="add_button" title="Más" href="javascript:void(0);">+</a>
                    <a class="added_tick" title="Cambiar unidades" href="javascript:void(0);"></a>
                
            </div>

            
                
                    <div class="article_pum">
                        <span>     10,67€/Kilo</span>
                    </div>
                
            

            
                
                    <a data-product-id="211937" class="orange_button btn_add2cart" title="Añadir al carrito" onclick="dataLayer.push({event: 'event_gtm',category:'acciones usuario', action:'a�adir producto desde listado'})" href="javascript:addToCartFromItemList('211937')">AÑADIR AL CARRITO &gt;</a>
                
            
            <span class="added_button">En carrito</span>

            
            
            <a class="white_button" title="Añadir a mi lista" href="javascript:addToListFromItemList('211937')" onclick="dataLayer.push({event: 'event_gtm',category:'acciones usuario', action:'a�adir producto a lista'});">Añadir a mi lista</a>
            
            
        </div>

        
            <a class="article_link" title="Ver ficha de PICATOSTES LA RÚSTICA TOSTADOS 75 G" href="/PICATOSTES-LA-RUSTICA-TOSTADOS-75-G_211937_prd_es_ES.jsp" onclick="javascript:callingTaggingEnpoints('')" itemprop="url"></a>
        
        <div class="hover_container">
            <div class="hover">
                <div class="info_symbol"></div>
            </div>
        </div>

        

        
    </article>
            </li>
        
            <li class="article" itemprop="itemListElement" itemscope="" itemtype="http://schema.org/Product">
                
    <article class="article_container" id="item_description_211802">


    
        <a class="article_name" title="Ver ficha de GRISINES LA RÚSTICA ACEITE OLIVA 50 G" href="/GRISINES-LA-RUSTICA-ACEITE-OLIVA-50-G_211802_prd_es_ES.jsp" itemprop="url"><span itemprop="name" id="description_text">GRISINES LA RÚSTICA ACEITE OLIVA 50 G</span></a>
    

        <!--informacion de gluten y calorias -->
        <div class="info_container">

            

            
                
                    <img class="info_icon" alt="10% Descuento para suscriptores Condisline Prime" src="//static.condisline.com/resize_39x39/images/product_icons/icon_subscription.png" width="39" height="39">

                    
                        <a class="info" title="10% Descuento para suscriptores Condisline Prime" href="javascript:void(0);">
                            <span class="info_text">10% Descuento para suscriptores Condisline Prime</span>
                        </a>
                    
                
            
        </div>

        <img class="article_image" alt="GRISINES LA RÚSTICA ACEITE OLIVA 50 G" data-original="//static.condisline.com/resize_190x200/images/catalog/large/211802.jpg" src="//static.condisline.com/resize_190x200/images/catalog/large/211802.jpg" width="190" height="200">

        <meta itemprop="image" content="//static.condisline.com/resize_190x200/images/catalog/large/211802.jpg">

        <div class="article_price_container" itemprop="offers" itemscope="" itemtype="http://schema.org/Offer">

            <!-- Price -->
            
                
                <span class="article_price" itemprop="price"><span id="list_price_211802">1,13</span></span>
                <span class="currency">€</span>
                <script>
                    formatNumber('1.13', 'list_price_211802');
                </script>
            

            <meta itemprop="priceCurrency" content="EUR">
            <div class="unit_container">
                
                    <a class="substract_button" title="Menos" href="javascript:void(0);">-</a>
                
                <label class="quantity_container">
                    
                        
                            <input class="input_quantity_product" id="item_quantity_211802" type="number" data-product="211802" value="" min="1" max="999" required="" autocomplete="off">
                        
                    
                </label>
                
                    <a class="add_button" title="Más" href="javascript:void(0);">+</a>
                    <a class="added_tick" title="Cambiar unidades" href="javascript:void(0);"></a>
                
            </div>

            
                
                    <div class="article_pum">
                        <span>     22,60€/Kilo</span>
                    </div>
                
            

            
                
                    <a data-product-id="211802" class="orange_button btn_add2cart" title="Añadir al carrito" onclick="dataLayer.push({event: 'event_gtm',category:'acciones usuario', action:'a�adir producto desde listado'})" href="javascript:addToCartFromItemList('211802')">AÑADIR AL CARRITO &gt;</a>
                
            
            <span class="added_button">En carrito</span>

            
            
            <a class="white_button" title="Añadir a mi lista" href="javascript:addToListFromItemList('211802')" onclick="dataLayer.push({event: 'event_gtm',category:'acciones usuario', action:'a�adir producto a lista'});">Añadir a mi lista</a>
            
            
        </div>

        
            <a class="article_link" title="Ver ficha de GRISINES LA RÚSTICA ACEITE OLIVA 50 G" href="/GRISINES-LA-RUSTICA-ACEITE-OLIVA-50-G_211802_prd_es_ES.jsp" onclick="javascript:callingTaggingEnpoints('')" itemprop="url"></a>
        
        <div class="hover_container">
            <div class="hover">
                <div class="info_symbol"></div>
            </div>
        </div>

        

        
    </article>
            </li>
        
            <li class="article" itemprop="itemListElement" itemscope="" itemtype="http://schema.org/Product">
                
    <article class="article_container" id="item_description_121361">


    
        <a class="article_name" title="Ver ficha de BASES PIZZA BUITONI FINISSIMA 260 G" href="/BASES-PIZZA-BUITONI-FINISSIMA-260-G_121361_prd_es_ES.jsp" itemprop="url"><span itemprop="name" id="description_text">BASES PIZZA BUITONI FINISSIMA 260 G</span></a>
    

        <!--informacion de gluten y calorias -->
        <div class="info_container">

            
                <span class="calories">280 <span>kcal</span></span>
                <a class="info" title="Producto con 280 kilocalorías" href="javascript:void(0);">
                    <span class="info_text">Producto con 280 kilocalorías.</span>
                </a>
            

            
                
                    <img class="info_icon" alt="10% Descuento para suscriptores Condisline Prime" src="//static.condisline.com/resize_39x39/images/product_icons/icon_subscription.png" width="39" height="39">

                    
                        <a class="info" title="10% Descuento para suscriptores Condisline Prime" href="javascript:void(0);">
                            <span class="info_text">10% Descuento para suscriptores Condisline Prime</span>
                        </a>
                    
                
            
        </div>

        <img class="article_image" alt="BASES PIZZA BUITONI FINISSIMA 260 G" data-original="//static.condisline.com/resize_190x200/images/catalog/large/121361.jpg" src="//static.condisline.com/resize_190x200/images/catalog/large/121361.jpg" width="190" height="200">

        <meta itemprop="image" content="//static.condisline.com/resize_190x200/images/catalog/large/121361.jpg">

        <div class="article_price_container" itemprop="offers" itemscope="" itemtype="http://schema.org/Offer">

            <!-- Price -->
            
                
                <span class="article_price" itemprop="price"><span id="list_price_121361">1,88</span></span>
                <span class="currency">€</span>
                <script>
                    formatNumber('1.88', 'list_price_121361');
                </script>
            

            <meta itemprop="priceCurrency" content="EUR">
            <div class="unit_container">
                
                    <a class="substract_button" title="Menos" href="javascript:void(0);">-</a>
                
                <label class="quantity_container">
                    
                        
                            <input class="input_quantity_product" id="item_quantity_121361" type="number" data-product="121361" value="" min="1" max="999" required="" autocomplete="off">
                        
                    
                </label>
                
                    <a class="add_button" title="Más" href="javascript:void(0);">+</a>
                    <a class="added_tick" title="Cambiar unidades" href="javascript:void(0);"></a>
                
            </div>

            
                
                    <div class="article_pum">
                        <span>      7,23€/Kilo</span>
                    </div>
                
            

            
                
                    <a data-product-id="121361" class="orange_button btn_add2cart" title="Añadir al carrito" onclick="dataLayer.push({event: 'event_gtm',category:'acciones usuario', action:'a�adir producto desde listado'})" href="javascript:addToCartFromItemList('121361')">AÑADIR AL CARRITO &gt;</a>
                
            
            <span class="added_button">En carrito</span>

            
            
            <a class="white_button" title="Añadir a mi lista" href="javascript:addToListFromItemList('121361')" onclick="dataLayer.push({event: 'event_gtm',category:'acciones usuario', action:'a�adir producto a lista'});">Añadir a mi lista</a>
            
            
        </div>

        
            <a class="article_link" title="Ver ficha de BASES PIZZA BUITONI FINISSIMA 260 G" href="/BASES-PIZZA-BUITONI-FINISSIMA-260-G_121361_prd_es_ES.jsp" onclick="javascript:callingTaggingEnpoints('')" itemprop="url"></a>
        
        <div class="hover_container">
            <div class="hover">
                <div class="info_symbol"></div>
            </div>
        </div>

        

        
    </article>
            </li>
        
            <li class="article" itemprop="itemListElement" itemscope="" itemtype="http://schema.org/Product">
                
    <article class="article_container" id="item_description_120004">


    
        <a class="article_name" title="Ver ficha de PREPARADO ROYAL PARA HORNEAR 80 G" href="/PREPARADO-ROYAL-PARA-HORNEAR-80-G_120004_prd_es_ES.jsp" itemprop="url"><span itemprop="name" id="description_text">PREPARADO ROYAL PARA HORNEAR 80 G</span></a>
    

        <!--informacion de gluten y calorias -->
        <div class="info_container">

            

            
                
                    <img class="info_icon" alt="10% Descuento para suscriptores Condisline Prime" src="//static.condisline.com/resize_39x39/images/product_icons/icon_subscription.png" width="39" height="39">

                    
                        <a class="info" title="10% Descuento para suscriptores Condisline Prime" href="javascript:void(0);">
                            <span class="info_text">10% Descuento para suscriptores Condisline Prime</span>
                        </a>
                    
                
                    <img class="info_icon" alt="Producto sin gluten" src="//static.condisline.com/resize_39x39/images/product_icons/no_gluten.png" width="39" height="39">

                    
                        <a class="info" title="Producto sin gluten" href="javascript:void(0);">
                            <span class="info_text">Producto sin gluten</span>
                        </a>
                    
                
            
        </div>

        <img class="article_image" alt="PREPARADO ROYAL PARA HORNEAR 80 G" data-original="//static.condisline.com/resize_190x200/images/catalog/large/120004.jpg" src="//static.condisline.com/resize_190x200/images/catalog/large/120004.jpg" width="190" height="200" style="display: block;">

        <meta itemprop="image" content="//static.condisline.com/resize_190x200/images/catalog/large/120004.jpg">

        <div class="article_price_container" itemprop="offers" itemscope="" itemtype="http://schema.org/Offer">

            <!-- Price -->
            
                
                <span class="article_price" itemprop="price"><span id="list_price_120004">2,25</span></span>
                <span class="currency">€</span>
                <script>
                    formatNumber('2.25', 'list_price_120004');
                </script>
            

            <meta itemprop="priceCurrency" content="EUR">
            <div class="unit_container">
                
                    <a class="substract_button" title="Menos" href="javascript:void(0);">-</a>
                
                <label class="quantity_container">
                    
                        
                            <input class="input_quantity_product" id="item_quantity_120004" type="number" data-product="120004" value="" min="1" max="999" required="" autocomplete="off">
                        
                    
                </label>
                
                    <a class="add_button" title="Más" href="javascript:void(0);">+</a>
                    <a class="added_tick" title="Cambiar unidades" href="javascript:void(0);"></a>
                
            </div>

            
                
                    <div class="article_pum">
                        <span>     28,13€/Kilo</span>
                    </div>
                
            

            
                
                    <a data-product-id="120004" class="orange_button btn_add2cart" title="Añadir al carrito" onclick="dataLayer.push({event: 'event_gtm',category:'acciones usuario', action:'a�adir producto desde listado'})" href="javascript:addToCartFromItemList('120004')">AÑADIR AL CARRITO &gt;</a>
                
            
            <span class="added_button">En carrito</span>

            
            
            <a class="white_button" title="Añadir a mi lista" href="javascript:addToListFromItemList('120004')" onclick="dataLayer.push({event: 'event_gtm',category:'acciones usuario', action:'a�adir producto a lista'});">Añadir a mi lista</a>
            
            
        </div>

        
            <a class="article_link" title="Ver ficha de PREPARADO ROYAL PARA HORNEAR 80 G" href="/PREPARADO-ROYAL-PARA-HORNEAR-80-G_120004_prd_es_ES.jsp" onclick="javascript:callingTaggingEnpoints('')" itemprop="url"></a>
        
        <div class="hover_container">
            <div class="hover">
                <div class="info_symbol"></div>
            </div>
        </div>

        

        
    </article>
            </li>
        
            <li class="article" itemprop="itemListElement" itemscope="" itemtype="http://schema.org/Product">
                
    <article class="article_container" id="item_description_213158">


    
        <a class="article_name" title="Ver ficha de PAN MOLDE BIMBO NATURAL INTEGRAL 360 G" href="/PAN-MOLDE-BIMBO-NATURAL-INTEGRAL-360-G_213158_prd_es_ES.jsp" itemprop="url"><span itemprop="name" id="description_text">PAN MOLDE BIMBO NATURAL INTEGRAL 360 G</span></a>
    

        <!--informacion de gluten y calorias -->
        <div class="info_container">

            
                <span class="calories">250 <span>kcal</span></span>
                <a class="info" title="Producto con 250 kilocalorías" href="javascript:void(0);">
                    <span class="info_text">Producto con 250 kilocalorías.</span>
                </a>
            

            
                
                    <img class="info_icon" alt="10% Descuento para suscriptores Condisline Prime" src="//static.condisline.com/resize_39x39/images/product_icons/icon_subscription.png" width="39" height="39">

                    
                        <a class="info" title="10% Descuento para suscriptores Condisline Prime" href="javascript:void(0);">
                            <span class="info_text">10% Descuento para suscriptores Condisline Prime</span>
                        </a>
                    
                
            
        </div>

        <img class="article_image" alt="PAN MOLDE BIMBO NATURAL INTEGRAL 360 G" data-original="//static.condisline.com/resize_190x200/images/catalog/large/213158.jpg" src="//static.condisline.com/resize_190x200/images/catalog/large/213158.jpg" width="190" height="200" style="display: block;">

        <meta itemprop="image" content="//static.condisline.com/resize_190x200/images/catalog/large/213158.jpg">

        <div class="article_price_container" itemprop="offers" itemscope="" itemtype="http://schema.org/Offer">

            <!-- Price -->
            
                
                <span class="article_price" itemprop="price"><span id="list_price_213158">2,45</span></span>
                <span class="currency">€</span>
                <script>
                    formatNumber('2.45', 'list_price_213158');
                </script>
            

            <meta itemprop="priceCurrency" content="EUR">
            <div class="unit_container">
                
                    <a class="substract_button" title="Menos" href="javascript:void(0);">-</a>
                
                <label class="quantity_container">
                    
                        
                            <input class="input_quantity_product" id="item_quantity_213158" type="number" data-product="213158" value="" min="1" max="999" required="" autocomplete="off">
                        
                    
                </label>
                
                    <a class="add_button" title="Más" href="javascript:void(0);">+</a>
                    <a class="added_tick" title="Cambiar unidades" href="javascript:void(0);"></a>
                
            </div>

            
                
                    <div class="article_pum">
                        <span>      6,81€/Kilo</span>
                    </div>
                
            

            
                
                    <a data-product-id="213158" class="orange_button btn_add2cart" title="Añadir al carrito" onclick="dataLayer.push({event: 'event_gtm',category:'acciones usuario', action:'a�adir producto desde listado'})" href="javascript:addToCartFromItemList('213158')">AÑADIR AL CARRITO &gt;</a>
                
            
            <span class="added_button">En carrito</span>

            
            
            <a class="white_button" title="Añadir a mi lista" href="javascript:addToListFromItemList('213158')" onclick="dataLayer.push({event: 'event_gtm',category:'acciones usuario', action:'a�adir producto a lista'});">Añadir a mi lista</a>
            
            
        </div>

        
            <a class="article_link" title="Ver ficha de PAN MOLDE BIMBO NATURAL INTEGRAL 360 G" href="/PAN-MOLDE-BIMBO-NATURAL-INTEGRAL-360-G_213158_prd_es_ES.jsp" onclick="javascript:callingTaggingEnpoints('')" itemprop="url"></a>
        
        <div class="hover_container">
            <div class="hover">
                <div class="info_symbol"></div>
            </div>
        </div>

        

        
    </article>
            </li>
        
            <li class="article" itemprop="itemListElement" itemscope="" itemtype="http://schema.org/Product">
                
    <article class="article_container" id="item_description_121639">


    
        <a class="article_name" title="Ver ficha de MASA BUITONI HOJALDRE RECTANGULAR 230 G" href="/MASA-BUITONI-HOJALDRE-RECTANGULAR-230-G_121639_prd_es_ES.jsp" itemprop="url"><span itemprop="name" id="description_text">MASA BUITONI HOJALDRE RECTANGULAR 230 G</span></a>
    

        <!--informacion de gluten y calorias -->
        <div class="info_container">

            
                <span class="calories">390 <span>kcal</span></span>
                <a class="info" title="Producto con 390 kilocalorías" href="javascript:void(0);">
                    <span class="info_text">Producto con 390 kilocalorías.</span>
                </a>
            

            
                
                    <img class="info_icon" alt="10% Descuento para suscriptores Condisline Prime" src="//static.condisline.com/resize_39x39/images/product_icons/icon_subscription.png" width="39" height="39">

                    
                        <a class="info" title="10% Descuento para suscriptores Condisline Prime" href="javascript:void(0);">
                            <span class="info_text">10% Descuento para suscriptores Condisline Prime</span>
                        </a>
                    
                
            
        </div>

        <img class="article_image" alt="MASA BUITONI HOJALDRE RECTANGULAR 230 G" data-original="//static.condisline.com/resize_190x200/images/catalog/large/121639.jpg" src="//static.condisline.com/resize_190x200/images/catalog/large/121639.jpg" width="190" height="200" style="display: block;">

        <meta itemprop="image" content="//static.condisline.com/resize_190x200/images/catalog/large/121639.jpg">

        <div class="article_price_container" itemprop="offers" itemscope="" itemtype="http://schema.org/Offer">

            <!-- Price -->
            
                
                <span class="article_price" itemprop="price"><span id="list_price_121639">1,99</span></span>
                <span class="currency">€</span>
                <script>
                    formatNumber('1.99', 'list_price_121639');
                </script>
            

            <meta itemprop="priceCurrency" content="EUR">
            <div class="unit_container">
                
                    <a class="substract_button" title="Menos" href="javascript:void(0);">-</a>
                
                <label class="quantity_container">
                    
                        
                            <input class="input_quantity_product" id="item_quantity_121639" type="number" data-product="121639" value="" min="1" max="999" required="" autocomplete="off">
                        
                    
                </label>
                
                    <a class="add_button" title="Más" href="javascript:void(0);">+</a>
                    <a class="added_tick" title="Cambiar unidades" href="javascript:void(0);"></a>
                
            </div>

            
                
                    <div class="article_pum">
                        <span>      8,65€/Kilo</span>
                    </div>
                
            

            
                
                    <a data-product-id="121639" class="orange_button btn_add2cart" title="Añadir al carrito" onclick="dataLayer.push({event: 'event_gtm',category:'acciones usuario', action:'a�adir producto desde listado'})" href="javascript:addToCartFromItemList('121639')">AÑADIR AL CARRITO &gt;</a>
                
            
            <span class="added_button">En carrito</span>

            
            
            <a class="white_button" title="Añadir a mi lista" href="javascript:addToListFromItemList('121639')" onclick="dataLayer.push({event: 'event_gtm',category:'acciones usuario', action:'a�adir producto a lista'});">Añadir a mi lista</a>
            
            
        </div>

        
            <a class="article_link" title="Ver ficha de MASA BUITONI HOJALDRE RECTANGULAR 230 G" href="/MASA-BUITONI-HOJALDRE-RECTANGULAR-230-G_121639_prd_es_ES.jsp" onclick="javascript:callingTaggingEnpoints('')" itemprop="url"></a>
        
        <div class="hover_container">
            <div class="hover">
                <div class="info_symbol"></div>
            </div>
        </div>

        

        
    </article>
            </li>
        
    <!--    <ul id="carousel_articles" class="articles_list" itemscope="" itemtype="http://schema.org/ItemList"> -->                    <li class="article" itemprop="itemListElement" itemscope="" itemtype="http://schema.org/Product">                    <article class="article_container" id="item_description_216969">            <a class="article_name" title="Ver ficha de GRISSINIS LA RÚSTICA MINI 170 G" href="/GRISSINIS-LA-RUSTICA-MINI-170-G_216969_prd_es_ES.jsp" itemprop="url"><span itemprop="name" id="description_text">GRISSINIS LA RÚSTICA MINI 170 G</span></a>            <!--informacion de gluten y calorias -->        <div class="info_container">                                                            <img class="info_icon" alt="10% Descuento para suscriptores Condisline Prime" src="//static.condisline.com/resize_39x39/images/product_icons/icon_subscription.png" width="39" height="39">                                            <a class="info" title="10% Descuento para suscriptores Condisline Prime" href="javascript:void(0);">                            <span class="info_text">10% Descuento para suscriptores Condisline Prime</span>                        </a>                                                        </div>        <img class="article_image" alt="GRISSINIS LA RÚSTICA MINI 170 G" data-original="//static.condisline.com/resize_190x200/images/catalog/large/216969.jpg" src="//static.condisline.com/resize_190x200/images/catalog/large/216969.jpg" width="190" height="200" style="display: block;">        <meta itemprop="image" content="//static.condisline.com/resize_190x200/images/catalog/large/216969.jpg">        <div class="article_price_container" itemprop="offers" itemscope="" itemtype="http://schema.org/Offer">            <!-- Price -->                                            <span class="article_price" itemprop="price"><span id="list_price_216969">1,41</span></span>                <span class="currency">€</span>                <script>                    formatNumber('1.41', 'list_price_216969');                </script>                        <meta itemprop="priceCurrency" content="EUR">            <div class="unit_container">                                    <a class="substract_button" title="Menos" href="javascript:void(0);">-</a>                                <label class="quantity_container">                                                                        <input class="input_quantity_product" id="item_quantity_216969" type="number" data-product="216969" value="" min="1" max="999" required="" autocomplete="off">                                                            </label>                                    <a class="add_button" title="Más" href="javascript:void(0);">+</a>                    <a class="added_tick" title="Cambiar unidades" href="javascript:void(0);"></a>                            </div>                                                <div class="article_pum">                        <span>      8,29€/Kilo</span>                    </div>                                                                            <a data-product-id="216969" class="orange_button btn_add2cart" title="Añadir al carrito" onclick="dataLayer.push({event: 'event_gtm',category:'acciones usuario', action:'a�adir producto desde listado'})" href="javascript:addToCartFromItemList('216969')">AÑADIR AL CARRITO &gt;</a>                                        <span class="added_button">En carrito</span>                                    <a class="white_button" title="Añadir a mi lista" href="javascript:addToListFromItemList('216969')" onclick="dataLayer.push({event: 'event_gtm',category:'acciones usuario', action:'a�adir producto a lista'});">Añadir a mi lista</a>                                </div>                    <a class="article_link" title="Ver ficha de GRISSINIS LA RÚSTICA MINI 170 G" href="/GRISSINIS-LA-RUSTICA-MINI-170-G_216969_prd_es_ES.jsp" onclick="javascript:callingTaggingEnpoints('')" itemprop="url"></a>                <div class="hover_container">            <div class="hover">                <div class="info_symbol"></div>            </div>        </div>                    </article>            </li>                    <li class="article" itemprop="itemListElement" itemscope="" itemtype="http://schema.org/Product">                    <article class="article_container" id="item_description_213103">            <a class="article_name" title="Ver ficha de PAN BIMBO SANDWICH 430 G" href="/PAN-BIMBO-SANDWICH-430-G_213103_prd_es_ES.jsp" itemprop="url"><span itemprop="name" id="description_text">PAN BIMBO SANDWICH 430 G</span></a>            <!--informacion de gluten y calorias -->        <div class="info_container">                                                            <img class="info_icon" alt="10% Descuento para suscriptores Condisline Prime" src="//static.condisline.com/resize_39x39/images/product_icons/icon_subscription.png" width="39" height="39">                                            <a class="info" title="10% Descuento para suscriptores Condisline Prime" href="javascript:void(0);">                            <span class="info_text">10% Descuento para suscriptores Condisline Prime</span>                        </a>                                                        </div>        <img class="article_image" alt="PAN BIMBO SANDWICH 430 G" data-original="//static.condisline.com/resize_190x200/images/catalog/large/213103.jpg" src="//static.condisline.com/resize_190x200/images/catalog/large/213103.jpg" width="190" height="200" style="display: block;">        <meta itemprop="image" content="//static.condisline.com/resize_190x200/images/catalog/large/213103.jpg">        <div class="article_price_container" itemprop="offers" itemscope="" itemtype="http://schema.org/Offer">            <!-- Price -->                                            <span class="article_price" itemprop="price"><span id="list_price_213103">1,59</span></span>                <span class="currency">€</span>                <script>                    formatNumber('1.59', 'list_price_213103');                </script>                        <meta itemprop="priceCurrency" content="EUR">            <div class="unit_container">                                    <a class="substract_button" title="Menos" href="javascript:void(0);">-</a>                                <label class="quantity_container">                                                                        <input class="input_quantity_product" id="item_quantity_213103" type="number" data-product="213103" value="" min="1" max="999" required="" autocomplete="off">                                                            </label>                                    <a class="add_button" title="Más" href="javascript:void(0);">+</a>                    <a class="added_tick" title="Cambiar unidades" href="javascript:void(0);"></a>                            </div>                                                <div class="article_pum">                        <span>      3,70€/Kilo</span>                    </div>                                                                            <a data-product-id="213103" class="orange_button btn_add2cart" title="Añadir al carrito" onclick="dataLayer.push({event: 'event_gtm',category:'acciones usuario', action:'a�adir producto desde listado'})" href="javascript:addToCartFromItemList('213103')">AÑADIR AL CARRITO &gt;</a>                                        <span class="added_button">En carrito</span>                                    <a class="white_button" title="Añadir a mi lista" href="javascript:addToListFromItemList('213103')" onclick="dataLayer.push({event: 'event_gtm',category:'acciones usuario', action:'a�adir producto a lista'});">Añadir a mi lista</a>                                </div>                    <a class="article_link" title="Ver ficha de PAN BIMBO SANDWICH 430 G" href="/PAN-BIMBO-SANDWICH-430-G_213103_prd_es_ES.jsp" onclick="javascript:callingTaggingEnpoints('')" itemprop="url"></a>                <div class="hover_container">            <div class="hover">                <div class="info_symbol"></div>            </div>        </div>                    </article>            </li>                    <li class="article" itemprop="itemListElement" itemscope="" itemtype="http://schema.org/Product">                    <article class="article_container" id="item_description_122140">            <a class="article_name" title="Ver ficha de MASA PIZZA CONDIS REFRIGERADA 260 G" href="/MASA-PIZZA-CONDIS-REFRIGERADA-260-G_122140_prd_es_ES.jsp" itemprop="url"><span itemprop="name" id="description_text">MASA PIZZA CONDIS REFRIGERADA 260 G</span></a>            <!--informacion de gluten y calorias -->        <div class="info_container">                            <span class="calories">292 <span>kcal</span></span>                <a class="info" title="Producto con 292 kilocalorías" href="javascript:void(0);">                    <span class="info_text">Producto con 292 kilocalorías.</span>                </a>                                                            <img class="info_icon" alt="10% Descuento para suscriptores Condisline Prime" src="//static.condisline.com/resize_39x39/images/product_icons/icon_subscription.png" width="39" height="39">                                            <a class="info" title="10% Descuento para suscriptores Condisline Prime" href="javascript:void(0);">                            <span class="info_text">10% Descuento para suscriptores Condisline Prime</span>                        </a>                                                        <img class="info_icon" alt="Marca propia" src="//static.condisline.com/resize_39x39/images/product_icons/marca_propia.png" width="39" height="39">                                            <a class="info" title="Marca propia" href="javascript:void(0);">                            <span class="info_text">Marca propia</span>                        </a>                                                        </div>        <img class="article_image" alt="MASA PIZZA CONDIS REFRIGERADA 260 G" data-original="//static.condisline.com/resize_190x200/images/catalog/large/122140.jpg" src="//static.condisline.com/resize_190x200/images/catalog/large/122140.jpg" width="190" height="200" style="display: block;">        <meta itemprop="image" content="//static.condisline.com/resize_190x200/images/catalog/large/122140.jpg">        <div class="article_price_container" itemprop="offers" itemscope="" itemtype="http://schema.org/Offer">            <!-- Price -->                                            <span class="article_price" itemprop="price"><span id="list_price_122140">1,13</span></span>                <span class="currency">€</span>                <script>                    formatNumber('1.13', 'list_price_122140');                </script>                        <meta itemprop="priceCurrency" content="EUR">            <div class="unit_container">                                    <a class="substract_button" title="Menos" href="javascript:void(0);">-</a>                                <label class="quantity_container">                                                                        <input class="input_quantity_product" id="item_quantity_122140" type="number" data-product="122140" value="" min="1" max="999" required="" autocomplete="off">                                                            </label>                                    <a class="add_button" title="Más" href="javascript:void(0);">+</a>                    <a class="added_tick" title="Cambiar unidades" href="javascript:void(0);"></a>                            </div>                                                <div class="article_pum">                        <span>      4,35€/Kilo</span>                    </div>                                                                            <a data-product-id="122140" class="orange_button btn_add2cart" title="Añadir al carrito" onclick="dataLayer.push({event: 'event_gtm',category:'acciones usuario', action:'a�adir producto desde listado'})" href="javascript:addToCartFromItemList('122140')">AÑADIR AL CARRITO &gt;</a>                                        <span class="added_button">En carrito</span>                                    <a class="white_button" title="Añadir a mi lista" href="javascript:addToListFromItemList('122140')" onclick="dataLayer.push({event: 'event_gtm',category:'acciones usuario', action:'a�adir producto a lista'});">Añadir a mi lista</a>                                </div>                    <a class="article_link" title="Ver ficha de MASA PIZZA CONDIS REFRIGERADA 260 G" href="/MASA-PIZZA-CONDIS-REFRIGERADA-260-G_122140_prd_es_ES.jsp" onclick="javascript:callingTaggingEnpoints('')" itemprop="url"></a>                <div class="hover_container">            <div class="hover">                <div class="info_symbol"></div>            </div>        </div>                    </article>            </li>                    <li class="article" itemprop="itemListElement" itemscope="" itemtype="http://schema.org/Product">                    <article class="article_container" id="item_description_211582">            <a class="article_name" title="Ver ficha de PANECILLOS CONDIS TOSTADOS INTEGRALES 225 G" href="/PANECILLOS-CONDIS-TOSTADOS-INTEGRALES-225-G_211582_prd_es_ES.jsp" itemprop="url"><span itemprop="name" id="description_text">PANECILLOS CONDIS TOSTADOS INTEGRALES 225 G</span></a>            <!--informacion de gluten y calorias -->        <div class="info_container">                            <span class="calories">420 <span>kcal</span></span>                <a class="info" title="Producto con 420 kilocalorías" href="javascript:void(0);">                    <span class="info_text">Producto con 420 kilocalorías.</span>                </a>                                                            <img class="info_icon" alt="10% Descuento para suscriptores Condisline Prime" src="//static.condisline.com/resize_39x39/images/product_icons/icon_subscription.png" width="39" height="39">                                            <a class="info" title="10% Descuento para suscriptores Condisline Prime" href="javascript:void(0);">                            <span class="info_text">10% Descuento para suscriptores Condisline Prime</span>                        </a>                                                        <img class="info_icon" alt="Marca propia" src="//static.condisline.com/resize_39x39/images/product_icons/marca_propia.png" width="39" height="39">                                            <a class="info" title="Marca propia" href="javascript:void(0);">                            <span class="info_text">Marca propia</span>                        </a>                                                        </div>        <img class="article_image" alt="PANECILLOS CONDIS TOSTADOS INTEGRALES 225 G" data-original="//static.condisline.com/resize_190x200/images/catalog/large/211582.jpg" src="//static.condisline.com/resize_190x200/images/catalog/large/211582.jpg" width="190" height="200" style="display: block;">        <meta itemprop="image" content="//static.condisline.com/resize_190x200/images/catalog/large/211582.jpg">        <div class="article_price_container" itemprop="offers" itemscope="" itemtype="http://schema.org/Offer">            <!-- Price -->                                            <span class="article_price" itemprop="price"><span id="list_price_211582">0,89</span></span>                <span class="currency">€</span>                <script>                    formatNumber('0.89', 'list_price_211582');                </script>                        <meta itemprop="priceCurrency" content="EUR">            <div class="unit_container">                                    <a class="substract_button" title="Menos" href="javascript:void(0);">-</a>                                <label class="quantity_container">                                                                        <input class="input_quantity_product" id="item_quantity_211582" type="number" data-product="211582" value="" min="1" max="999" required="" autocomplete="off">                                                            </label>                                    <a class="add_button" title="Más" href="javascript:void(0);">+</a>                    <a class="added_tick" title="Cambiar unidades" href="javascript:void(0);"></a>                            </div>                                                <div class="article_pum">                        <span>      3,96€/Kilo</span>                    </div>                                                                            <a data-product-id="211582" class="orange_button btn_add2cart" title="Añadir al carrito" onclick="dataLayer.push({event: 'event_gtm',category:'acciones usuario', action:'a�adir producto desde listado'})" href="javascript:addToCartFromItemList('211582')">AÑADIR AL CARRITO &gt;</a>                                        <span class="added_button">En carrito</span>                                    <a class="white_button" title="Añadir a mi lista" href="javascript:addToListFromItemList('211582')" onclick="dataLayer.push({event: 'event_gtm',category:'acciones usuario', action:'a�adir producto a lista'});">Añadir a mi lista</a>                                </div>                    <a class="article_link" title="Ver ficha de PANECILLOS CONDIS TOSTADOS INTEGRALES 225 G" href="/PANECILLOS-CONDIS-TOSTADOS-INTEGRALES-225-G_211582_prd_es_ES.jsp" onclick="javascript:callingTaggingEnpoints('')" itemprop="url"></a>                <div class="hover_container">            <div class="hover">                <div class="info_symbol"></div>            </div>        </div>                    </article>            </li>                    <li class="article" itemprop="itemListElement" itemscope="" itemtype="http://schema.org/Product">                    <article class="article_container" id="item_description_211583">            <a class="article_name" title="Ver ficha de PANECILLOS CONDIS TOSTADOS 225 G" href="/PANECILLOS-CONDIS-TOSTADOS-225-G_211583_prd_es_ES.jsp" itemprop="url"><span itemprop="name" id="description_text">PANECILLOS CONDIS TOSTADOS 225 G</span></a>            <!--informacion de gluten y calorias -->        <div class="info_container">                            <span class="calories">425 <span>kcal</span></span>                <a class="info" title="Producto con 425 kilocalorías" href="javascript:void(0);">                    <span class="info_text">Producto con 425 kilocalorías.</span>                </a>                                                            <img class="info_icon" alt="10% Descuento para suscriptores Condisline Prime" src="//static.condisline.com/resize_39x39/images/product_icons/icon_subscription.png" width="39" height="39">                                            <a class="info" title="10% Descuento para suscriptores Condisline Prime" href="javascript:void(0);">                            <span class="info_text">10% Descuento para suscriptores Condisline Prime</span>                        </a>                                                        <img class="info_icon" alt="Marca propia" src="//static.condisline.com/resize_39x39/images/product_icons/marca_propia.png" width="39" height="39">                                            <a class="info" title="Marca propia" href="javascript:void(0);">                            <span class="info_text">Marca propia</span>                        </a>                                                        </div>        <img class="article_image" alt="PANECILLOS CONDIS TOSTADOS 225 G" data-original="//static.condisline.com/resize_190x200/images/catalog/large/211583.jpg" src="//static.condisline.com/resize_190x200/images/catalog/large/211583.jpg" width="190" height="200" style="display: block;">        <meta itemprop="image" content="//static.condisline.com/resize_190x200/images/catalog/large/211583.jpg">        <div class="article_price_container" itemprop="offers" itemscope="" itemtype="http://schema.org/Offer">            <!-- Price -->                                            <span class="article_price" itemprop="price"><span id="list_price_211583">0,80</span></span>                <span class="currency">€</span>                <script>                    formatNumber('0.8', 'list_price_211583');                </script>                        <meta itemprop="priceCurrency" content="EUR">            <div class="unit_container">                                    <a class="substract_button" title="Menos" href="javascript:void(0);">-</a>                                <label class="quantity_container">                                                                        <input class="input_quantity_product" id="item_quantity_211583" type="number" data-product="211583" value="" min="1" max="999" required="" autocomplete="off">                                                            </label>                                    <a class="add_button" title="Más" href="javascript:void(0);">+</a>                    <a class="added_tick" title="Cambiar unidades" href="javascript:void(0);"></a>                            </div>                                                <div class="article_pum">                        <span>      3,56€/Kilo</span>                    </div>                                                                            <a data-product-id="211583" class="orange_button btn_add2cart" title="Añadir al carrito" onclick="dataLayer.push({event: 'event_gtm',category:'acciones usuario', action:'a�adir producto desde listado'})" href="javascript:addToCartFromItemList('211583')">AÑADIR AL CARRITO &gt;</a>                                        <span class="added_button">En carrito</span>                                    <a class="white_button" title="Añadir a mi lista" href="javascript:addToListFromItemList('211583')" onclick="dataLayer.push({event: 'event_gtm',category:'acciones usuario', action:'a�adir producto a lista'});">Añadir a mi lista</a>                                </div>                    <a class="article_link" title="Ver ficha de PANECILLOS CONDIS TOSTADOS 225 G" href="/PANECILLOS-CONDIS-TOSTADOS-225-G_211583_prd_es_ES.jsp" onclick="javascript:callingTaggingEnpoints('')" itemprop="url"></a>                <div class="hover_container">            <div class="hover">                <div class="info_symbol"></div>            </div>        </div>                    </article>            </li>                    <li class="article" itemprop="itemListElement" itemscope="" itemtype="http://schema.org/Product">                    <article class="article_container" id="item_description_118017">            <a class="article_name" title="Ver ficha de PAN GALLO RALLADO 500 G" href="/PAN-GALLO-RALLADO-500-G_118017_prd_es_ES.jsp" itemprop="url"><span itemprop="name" id="description_text">PAN GALLO RALLADO 500 G</span></a>            <!--informacion de gluten y calorias -->        <div class="info_container">                            <span class="calories">367 <span>kcal</span></span>                <a class="info" title="Producto con 367 kilocalorías" href="javascript:void(0);">                    <span class="info_text">Producto con 367 kilocalorías.</span>                </a>                                                            <img class="info_icon" alt="10% Descuento para suscriptores Condisline Prime" src="//static.condisline.com/resize_39x39/images/product_icons/icon_subscription.png" width="39" height="39">                                            <a class="info" title="10% Descuento para suscriptores Condisline Prime" href="javascript:void(0);">                            <span class="info_text">10% Descuento para suscriptores Condisline Prime</span>                        </a>                                                        </div>        <img class="article_image" alt="PAN GALLO RALLADO 500 G" data-original="//static.condisline.com/resize_190x200/images/catalog/large/118017.jpg" src="//static.condisline.com/resize_190x200/images/catalog/large/118017.jpg" width="190" height="200" style="display: block;">        <meta itemprop="image" content="//static.condisline.com/resize_190x200/images/catalog/large/118017.jpg">        <div class="article_price_container" itemprop="offers" itemscope="" itemtype="http://schema.org/Offer">            <!-- Price -->                                            <span class="article_price" itemprop="price"><span id="list_price_118017">1,35</span></span>                <span class="currency">€</span>                <script>                    formatNumber('1.35', 'list_price_118017');                </script>                        <meta itemprop="priceCurrency" content="EUR">            <div class="unit_container">                                    <a class="substract_button" title="Menos" href="javascript:void(0);">-</a>                                <label class="quantity_container">                                                                        <input class="input_quantity_product" id="item_quantity_118017" type="number" data-product="118017" value="" min="1" max="999" required="" autocomplete="off">                                                            </label>                                    <a class="add_button" title="Más" href="javascript:void(0);">+</a>                    <a class="added_tick" title="Cambiar unidades" href="javascript:void(0);"></a>                            </div>                                                <div class="article_pum">                        <span>      2,70€/Kilo</span>                    </div>                                                                            <a data-product-id="118017" class="orange_button btn_add2cart" title="Añadir al carrito" onclick="dataLayer.push({event: 'event_gtm',category:'acciones usuario', action:'a�adir producto desde listado'})" href="javascript:addToCartFromItemList('118017')">AÑADIR AL CARRITO &gt;</a>                                        <span class="added_button">En carrito</span>                                    <a class="white_button" title="Añadir a mi lista" href="javascript:addToListFromItemList('118017')" onclick="dataLayer.push({event: 'event_gtm',category:'acciones usuario', action:'a�adir producto a lista'});">Añadir a mi lista</a>                                </div>                    <a class="article_link" title="Ver ficha de PAN GALLO RALLADO 500 G" href="/PAN-GALLO-RALLADO-500-G_118017_prd_es_ES.jsp" onclick="javascript:callingTaggingEnpoints('')" itemprop="url"></a>                <div class="hover_container">            <div class="hover">                <div class="info_symbol"></div>            </div>        </div>                    </article>            </li>                    <li class="article" itemprop="itemListElement" itemscope="" itemtype="http://schema.org/Product">                    <article class="article_container" id="item_description_213147">            <a class="article_name" title="Ver ficha de PAN OROWEAT 12 CEREALES Y SEMILLAS 550 G" href="/PAN-OROWEAT-12-CEREALES-Y-SEMILLAS-550-G_213147_prd_es_ES.jsp" itemprop="url"><span itemprop="name" id="description_text">PAN OROWEAT 12 CEREALES Y SEMILLAS 550 G</span></a>            <!--informacion de gluten y calorias -->        <div class="info_container">                            <span class="calories">271 <span>kcal</span></span>                <a class="info" title="Producto con 271 kilocalorías" href="javascript:void(0);">                    <span class="info_text">Producto con 271 kilocalorías.</span>                </a>                                                            <img class="info_icon" alt="10% Descuento para suscriptores Condisline Prime" src="//static.condisline.com/resize_39x39/images/product_icons/icon_subscription.png" width="39" height="39">                                            <a class="info" title="10% Descuento para suscriptores Condisline Prime" href="javascript:void(0);">                            <span class="info_text">10% Descuento para suscriptores Condisline Prime</span>                        </a>                                                        </div>        <img class="article_image" alt="PAN OROWEAT 12 CEREALES Y SEMILLAS 550 G" data-original="//static.condisline.com/resize_190x200/images/catalog/large/213147.jpg" src="//static.condisline.com/resize_190x200/images/catalog/large/213147.jpg" width="190" height="200" style="display: block;">        <meta itemprop="image" content="//static.condisline.com/resize_190x200/images/catalog/large/213147.jpg">        <div class="article_price_container" itemprop="offers" itemscope="" itemtype="http://schema.org/Offer">            <!-- Price -->                                            <span class="article_price" itemprop="price"><span id="list_price_213147">3,07</span></span>                <span class="currency">€</span>                <script>                    formatNumber('3.07', 'list_price_213147');                </script>                        <meta itemprop="priceCurrency" content="EUR">            <div class="unit_container">                                    <a class="substract_button" title="Menos" href="javascript:void(0);">-</a>                                <label class="quantity_container">                                                                        <input class="input_quantity_product" id="item_quantity_213147" type="number" data-product="213147" value="" min="1" max="999" required="" autocomplete="off">                                                            </label>                                    <a class="add_button" title="Más" href="javascript:void(0);">+</a>                    <a class="added_tick" title="Cambiar unidades" href="javascript:void(0);"></a>                            </div>                                                <div class="article_pum">                        <span>      5,58€/Kilo</span>                    </div>                                                                            <a data-product-id="213147" class="orange_button btn_add2cart" title="Añadir al carrito" onclick="dataLayer.push({event: 'event_gtm',category:'acciones usuario', action:'a�adir producto desde listado'})" href="javascript:addToCartFromItemList('213147')">AÑADIR AL CARRITO &gt;</a>                                        <span class="added_button">En carrito</span>                                    <a class="white_button" title="Añadir a mi lista" href="javascript:addToListFromItemList('213147')" onclick="dataLayer.push({event: 'event_gtm',category:'acciones usuario', action:'a�adir producto a lista'});">Añadir a mi lista</a>                                </div>                    <a class="article_link" title="Ver ficha de PAN OROWEAT 12 CEREALES Y SEMILLAS 550 G" href="/PAN-OROWEAT-12-CEREALES-Y-SEMILLAS-550-G_213147_prd_es_ES.jsp" onclick="javascript:callingTaggingEnpoints('')" itemprop="url"></a>                <div class="hover_container">            <div class="hover">                <div class="info_symbol"></div>            </div>        </div>                    </article>            </li>                    <li class="article" itemprop="itemListElement" itemscope="" itemtype="http://schema.org/Product">                    <article class="article_container" id="item_description_211575">            <a class="article_name" title="Ver ficha de PAN HOGAZA RECONDO 9 CEREALES 240 G" href="/PAN-HOGAZA-RECONDO-9-CEREALES-240-G_211575_prd_es_ES.jsp" itemprop="url"><span itemprop="name" id="description_text">PAN HOGAZA RECONDO 9 CEREALES 240 G</span></a>            <!--informacion de gluten y calorias -->        <div class="info_container">                            <span class="calories">410 <span>kcal</span></span>                <a class="info" title="Producto con 410 kilocalorías" href="javascript:void(0);">                    <span class="info_text">Producto con 410 kilocalorías.</span>                </a>                                                            <img class="info_icon" alt="10% Descuento para suscriptores Condisline Prime" src="//static.condisline.com/resize_39x39/images/product_icons/icon_subscription.png" width="39" height="39">                                            <a class="info" title="10% Descuento para suscriptores Condisline Prime" href="javascript:void(0);">                            <span class="info_text">10% Descuento para suscriptores Condisline Prime</span>                        </a>                                                        </div>        <img class="article_image" alt="PAN HOGAZA RECONDO 9 CEREALES 240 G" data-original="//static.condisline.com/resize_190x200/images/catalog/large/211575.jpg" src="//static.condisline.com/resize_190x200/images/catalog/large/211575.jpg" width="190" height="200" style="display: block;">        <meta itemprop="image" content="//static.condisline.com/resize_190x200/images/catalog/large/211575.jpg">        <div class="article_price_container" itemprop="offers" itemscope="" itemtype="http://schema.org/Offer">            <!-- Price -->                                            <span class="article_price" itemprop="price"><span id="list_price_211575">2,49</span></span>                <span class="currency">€</span>                <script>                    formatNumber('2.49', 'list_price_211575');                </script>                        <meta itemprop="priceCurrency" content="EUR">            <div class="unit_container">                                    <a class="substract_button" title="Menos" href="javascript:void(0);">-</a>                                <label class="quantity_container">                                                                        <input class="input_quantity_product" id="item_quantity_211575" type="number" data-product="211575" value="" min="1" max="999" required="" autocomplete="off">                                                            </label>                                    <a class="add_button" title="Más" href="javascript:void(0);">+</a>                    <a class="added_tick" title="Cambiar unidades" href="javascript:void(0);"></a>                            </div>                                                <div class="article_pum">                        <span>     10,38€/Kilo</span>                    </div>                                                                            <a data-product-id="211575" class="orange_button btn_add2cart" title="Añadir al carrito" onclick="dataLayer.push({event: 'event_gtm',category:'acciones usuario', action:'a�adir producto desde listado'})" href="javascript:addToCartFromItemList('211575')">AÑADIR AL CARRITO &gt;</a>                                        <span class="added_button">En carrito</span>                                    <a class="white_button" title="Añadir a mi lista" href="javascript:addToListFromItemList('211575')" onclick="dataLayer.push({event: 'event_gtm',category:'acciones usuario', action:'a�adir producto a lista'});">Añadir a mi lista</a>                                </div>                    <a class="article_link" title="Ver ficha de PAN HOGAZA RECONDO 9 CEREALES 240 G" href="/PAN-HOGAZA-RECONDO-9-CEREALES-240-G_211575_prd_es_ES.jsp" onclick="javascript:callingTaggingEnpoints('')" itemprop="url"></a>                <div class="hover_container">            <div class="hover">                <div class="info_symbol"></div>            </div>        </div>                    </article>            </li>                    <li class="article" itemprop="itemListElement" itemscope="" itemtype="http://schema.org/Product">                    <article class="article_container" id="item_description_215875">            <a class="article_name" title="Ver ficha de LEVADURA LEVANOVA FRESCA 2 UNIDADES 50 G" href="/LEVADURA-LEVANOVA-FRESCA-2-UNIDADES-50-G_215875_prd_es_ES.jsp" itemprop="url"><span itemprop="name" id="description_text">LEVADURA LEVANOVA FRESCA 2 UNIDADES 50 G</span></a>            <!--informacion de gluten y calorias -->        <div class="info_container">                            <span class="calories">384 <span>kcal</span></span>                <a class="info" title="Producto con 384 kilocalorías" href="javascript:void(0);">                    <span class="info_text">Producto con 384 kilocalorías.</span>                </a>                                                            <img class="info_icon" alt="10% Descuento para suscriptores Condisline Prime" src="//static.condisline.com/resize_39x39/images/product_icons/icon_subscription.png" width="39" height="39">                                            <a class="info" title="10% Descuento para suscriptores Condisline Prime" href="javascript:void(0);">                            <span class="info_text">10% Descuento para suscriptores Condisline Prime</span>                        </a>                                                        </div>        <img class="article_image" alt="LEVADURA LEVANOVA FRESCA 2 UNIDADES 50 G" data-original="//static.condisline.com/resize_190x200/images/catalog/large/215875.jpg" src="//static.condisline.com/resize_190x200/images/catalog/large/215875.jpg" width="190" height="200" style="display: block;">        <meta itemprop="image" content="//static.condisline.com/resize_190x200/images/catalog/large/215875.jpg">        <div class="article_price_container" itemprop="offers" itemscope="" itemtype="http://schema.org/Offer">            <!-- Price -->                                            <span class="article_price" itemprop="price"><span id="list_price_215875">0,49</span></span>                <span class="currency">€</span>                <script>                    formatNumber('0.49', 'list_price_215875');                </script>                        <meta itemprop="priceCurrency" content="EUR">            <div class="unit_container">                                    <a class="substract_button" title="Menos" href="javascript:void(0);">-</a>                                <label class="quantity_container">                                                                        <input class="input_quantity_product" id="item_quantity_215875" type="number" data-product="215875" value="" min="1" max="999" required="" autocomplete="off">                                                            </label>                                    <a class="add_button" title="Más" href="javascript:void(0);">+</a>                    <a class="added_tick" title="Cambiar unidades" href="javascript:void(0);"></a>                            </div>                                                <div class="article_pum">                        <span>      9,80€/Kilo</span>                    </div>                                                                            <a data-product-id="215875" class="orange_button btn_add2cart" title="Añadir al carrito" onclick="dataLayer.push({event: 'event_gtm',category:'acciones usuario', action:'a�adir producto desde listado'})" href="javascript:addToCartFromItemList('215875')">AÑADIR AL CARRITO &gt;</a>                                        <span class="added_button">En carrito</span>                                    <a class="white_button" title="Añadir a mi lista" href="javascript:addToListFromItemList('215875')" onclick="dataLayer.push({event: 'event_gtm',category:'acciones usuario', action:'a�adir producto a lista'});">Añadir a mi lista</a>                                </div>                    <a class="article_link" title="Ver ficha de LEVADURA LEVANOVA FRESCA 2 UNIDADES 50 G" href="/LEVADURA-LEVANOVA-FRESCA-2-UNIDADES-50-G_215875_prd_es_ES.jsp" onclick="javascript:callingTaggingEnpoints('')" itemprop="url"></a>                <div class="hover_container">            <div class="hover">                <div class="info_symbol"></div>            </div>        </div>                    </article>            </li>                    <li class="article" itemprop="itemListElement" itemscope="" itemtype="http://schema.org/Product">                    <article class="article_container" id="item_description_215764">            <a class="article_name" title="Ver ficha de PALITOS SNATT'S QUESO 56 G" href="/PALITOS-SNATT-S-QUESO-56-G_215764_prd_es_ES.jsp" itemprop="url"><span itemprop="name" id="description_text">PALITOS SNATT'S QUESO 56 G</span></a>            <!--informacion de gluten y calorias -->        <div class="info_container">                            <span class="calories">468 <span>kcal</span></span>                <a class="info" title="Producto con 468 kilocalorías" href="javascript:void(0);">                    <span class="info_text">Producto con 468 kilocalorías.</span>                </a>                                                            <img class="info_icon" alt="10% Descuento para suscriptores Condisline Prime" src="//static.condisline.com/resize_39x39/images/product_icons/icon_subscription.png" width="39" height="39">                                            <a class="info" title="10% Descuento para suscriptores Condisline Prime" href="javascript:void(0);">                            <span class="info_text">10% Descuento para suscriptores Condisline Prime</span>                        </a>                                                        </div>        <img class="article_image" alt="PALITOS SNATT'S QUESO 56 G" data-original="//static.condisline.com/resize_190x200/images/catalog/large/215764.jpg" src="//static.condisline.com/resize_190x200/images/catalog/large/215764.jpg" width="190" height="200" style="display: block;">        <meta itemprop="image" content="//static.condisline.com/resize_190x200/images/catalog/large/215764.jpg">        <div class="article_price_container" itemprop="offers" itemscope="" itemtype="http://schema.org/Offer">            <!-- Price -->                                            <span class="article_price" itemprop="price"><span id="list_price_215764">1,12</span></span>                <span class="currency">€</span>                <script>                    formatNumber('1.12', 'list_price_215764');                </script>                        <meta itemprop="priceCurrency" content="EUR">            <div class="unit_container">                                    <a class="substract_button" title="Menos" href="javascript:void(0);">-</a>                                <label class="quantity_container">                                                                        <input class="input_quantity_product" id="item_quantity_215764" type="number" data-product="215764" value="" min="1" max="999" required="" autocomplete="off">                                                            </label>                                    <a class="add_button" title="Más" href="javascript:void(0);">+</a>                    <a class="added_tick" title="Cambiar unidades" href="javascript:void(0);"></a>                            </div>                                                <div class="article_pum">                        <span>     20,00€/Kilo</span>                    </div>                                                                            <a data-product-id="215764" class="orange_button btn_add2cart" title="Añadir al carrito" onclick="dataLayer.push({event: 'event_gtm',category:'acciones usuario', action:'a�adir producto desde listado'})" href="javascript:addToCartFromItemList('215764')">AÑADIR AL CARRITO &gt;</a>                                        <span class="added_button">En carrito</span>                                    <a class="white_button" title="Añadir a mi lista" href="javascript:addToListFromItemList('215764')" onclick="dataLayer.push({event: 'event_gtm',category:'acciones usuario', action:'a�adir producto a lista'});">Añadir a mi lista</a>                                </div>                    <a class="article_link" title="Ver ficha de PALITOS SNATT'S QUESO 56 G" href="/PALITOS-SNATT-S-QUESO-56-G_215764_prd_es_ES.jsp" onclick="javascript:callingTaggingEnpoints('')" itemprop="url"></a>                <div class="hover_container">            <div class="hover">                <div class="info_symbol"></div>            </div>        </div>                    </article>            </li>                    <li class="article" itemprop="itemListElement" itemscope="" itemtype="http://schema.org/Product">                    <article class="article_container" id="item_description_211096">            <a class="article_name" title="Ver ficha de BOCATAS CONDIS BURGER 4 UNIDADES 300 G" href="/BOCATAS-CONDIS-BURGER-4-UNIDADES-300-G_211096_prd_es_ES.jsp" itemprop="url"><span itemprop="name" id="description_text">BOCATAS CONDIS BURGER 4 UNIDADES 300 G</span></a>            <!--informacion de gluten y calorias -->        <div class="info_container">                            <span class="calories">274 <span>kcal</span></span>                <a class="info" title="Producto con 274 kilocalorías" href="javascript:void(0);">                    <span class="info_text">Producto con 274 kilocalorías.</span>                </a>                                                            <img class="info_icon" alt="10% Descuento para suscriptores Condisline Prime" src="//static.condisline.com/resize_39x39/images/product_icons/icon_subscription.png" width="39" height="39">                                            <a class="info" title="10% Descuento para suscriptores Condisline Prime" href="javascript:void(0);">                            <span class="info_text">10% Descuento para suscriptores Condisline Prime</span>                        </a>                                                        <img class="info_icon" alt="Marca propia" src="//static.condisline.com/resize_39x39/images/product_icons/marca_propia.png" width="39" height="39">                                            <a class="info" title="Marca propia" href="javascript:void(0);">                            <span class="info_text">Marca propia</span>                        </a>                                                        </div>        <img class="article_image" alt="BOCATAS CONDIS BURGER 4 UNIDADES 300 G" data-original="//static.condisline.com/resize_190x200/images/catalog/large/211096.jpg" src="//static.condisline.com/resize_190x200/images/catalog/large/211096.jpg" width="190" height="200" style="display: block;">        <meta itemprop="image" content="//static.condisline.com/resize_190x200/images/catalog/large/211096.jpg">        <div class="article_price_container" itemprop="offers" itemscope="" itemtype="http://schema.org/Offer">            <!-- Price -->                                            <span class="article_price" itemprop="price"><span id="list_price_211096">0,94</span></span>                <span class="currency">€</span>                <script>                    formatNumber('0.94', 'list_price_211096');                </script>                        <meta itemprop="priceCurrency" content="EUR">            <div class="unit_container">                                    <a class="substract_button" title="Menos" href="javascript:void(0);">-</a>                                <label class="quantity_container">                                                                        <input class="input_quantity_product" id="item_quantity_211096" type="number" data-product="211096" value="" min="1" max="999" required="" autocomplete="off">                                                            </label>                                    <a class="add_button" title="Más" href="javascript:void(0);">+</a>                    <a class="added_tick" title="Cambiar unidades" href="javascript:void(0);"></a>                            </div>                                                <div class="article_pum">                        <span>      3,13€/Kilo</span>                    </div>                                                                            <a data-product-id="211096" class="orange_button btn_add2cart" title="Añadir al carrito" onclick="dataLayer.push({event: 'event_gtm',category:'acciones usuario', action:'a�adir producto desde listado'})" href="javascript:addToCartFromItemList('211096')">AÑADIR AL CARRITO &gt;</a>                                        <span class="added_button">En carrito</span>                                    <a class="white_button" title="Añadir a mi lista" href="javascript:addToListFromItemList('211096')" onclick="dataLayer.push({event: 'event_gtm',category:'acciones usuario', action:'a�adir producto a lista'});">Añadir a mi lista</a>                                </div>                    <a class="article_link" title="Ver ficha de BOCATAS CONDIS BURGER 4 UNIDADES 300 G" href="/BOCATAS-CONDIS-BURGER-4-UNIDADES-300-G_211096_prd_es_ES.jsp" onclick="javascript:callingTaggingEnpoints('')" itemprop="url"></a>                <div class="hover_container">            <div class="hover">                <div class="info_symbol"></div>            </div>        </div>                    </article>            </li>                    <li class="article" itemprop="itemListElement" itemscope="" itemtype="http://schema.org/Product">                    <article class="article_container" id="item_description_181450">            <a class="article_name" title="Ver ficha de OBLEAS BUITONI 16 UNIDADES 160 G" href="/OBLEAS-BUITONI-16-UNIDADES-160-G_181450_prd_es_ES.jsp" itemprop="url"><span itemprop="name" id="description_text">OBLEAS BUITONI 16 UNIDADES 160 G</span></a>            <!--informacion de gluten y calorias -->        <div class="info_container">                            <span class="calories">342 <span>kcal</span></span>                <a class="info" title="Producto con 342 kilocalorías" href="javascript:void(0);">                    <span class="info_text">Producto con 342 kilocalorías.</span>                </a>                                                            <img class="info_icon" alt="10% Descuento para suscriptores Condisline Prime" src="//static.condisline.com/resize_39x39/images/product_icons/icon_subscription.png" width="39" height="39">                                            <a class="info" title="10% Descuento para suscriptores Condisline Prime" href="javascript:void(0);">                            <span class="info_text">10% Descuento para suscriptores Condisline Prime</span>                        </a>                                                        </div>        <img class="article_image" alt="OBLEAS BUITONI 16 UNIDADES 160 G" data-original="//static.condisline.com/resize_190x200/images/catalog/large/181450.jpg" src="//static.condisline.com/resize_190x200/images/catalog/large/181450.jpg" width="190" height="200" style="display: block;">        <meta itemprop="image" content="//static.condisline.com/resize_190x200/images/catalog/large/181450.jpg">        <div class="article_price_container" itemprop="offers" itemscope="" itemtype="http://schema.org/Offer">            <!-- Price -->                                            <span class="article_price" itemprop="price"><span id="list_price_181450">1,18</span></span>                <span class="currency">€</span>                <script>                    formatNumber('1.18', 'list_price_181450');                </script>                        <meta itemprop="priceCurrency" content="EUR">            <div class="unit_container">                                    <a class="substract_button" title="Menos" href="javascript:void(0);">-</a>                                <label class="quantity_container">                                                                        <input class="input_quantity_product" id="item_quantity_181450" type="number" data-product="181450" value="" min="1" max="999" required="" autocomplete="off">                                                            </label>                                    <a class="add_button" title="Más" href="javascript:void(0);">+</a>                    <a class="added_tick" title="Cambiar unidades" href="javascript:void(0);"></a>                            </div>                                                <div class="article_pum">                        <span>      7,38€/Kilo</span>                    </div>                                                                            <a data-product-id="181450" class="orange_button btn_add2cart" title="Añadir al carrito" onclick="dataLayer.push({event: 'event_gtm',category:'acciones usuario', action:'a�adir producto desde listado'})" href="javascript:addToCartFromItemList('181450')">AÑADIR AL CARRITO &gt;</a>                                        <span class="added_button">En carrito</span>                                    <a class="white_button" title="Añadir a mi lista" href="javascript:addToListFromItemList('181450')" onclick="dataLayer.push({event: 'event_gtm',category:'acciones usuario', action:'a�adir producto a lista'});">Añadir a mi lista</a>                                </div>                    <a class="article_link" title="Ver ficha de OBLEAS BUITONI 16 UNIDADES 160 G" href="/OBLEAS-BUITONI-16-UNIDADES-160-G_181450_prd_es_ES.jsp" onclick="javascript:callingTaggingEnpoints('')" itemprop="url"></a>                <div class="hover_container">            <div class="hover">                <div class="info_symbol"></div>            </div>        </div>                    </article>            </li>                    <li class="article" itemprop="itemListElement" itemscope="" itemtype="http://schema.org/Product">                    <article class="article_container" id="item_description_211405">            <a class="article_name" title="Ver ficha de PAN DE MOLDE CONDIS SIN CORTEZA INTEGRAL 450 G" href="/PAN-DE-MOLDE-CONDIS-SIN-CORTEZA-INTEGRAL-450-G_211405_prd_es_ES.jsp" itemprop="url"><span itemprop="name" id="description_text">PAN DE MOLDE CONDIS SIN CORTEZA INTEGRAL 450 G</span></a>            <!--informacion de gluten y calorias -->        <div class="info_container">                            <span class="calories">234 <span>kcal</span></span>                <a class="info" title="Producto con 234 kilocalorías" href="javascript:void(0);">                    <span class="info_text">Producto con 234 kilocalorías.</span>                </a>                                                            <img class="info_icon" alt="10% Descuento para suscriptores Condisline Prime" src="//static.condisline.com/resize_39x39/images/product_icons/icon_subscription.png" width="39" height="39">                                            <a class="info" title="10% Descuento para suscriptores Condisline Prime" href="javascript:void(0);">                            <span class="info_text">10% Descuento para suscriptores Condisline Prime</span>                        </a>                                                        <img class="info_icon" alt="Marca propia" src="//static.condisline.com/resize_39x39/images/product_icons/marca_propia.png" width="39" height="39">                                            <a class="info" title="Marca propia" href="javascript:void(0);">                            <span class="info_text">Marca propia</span>                        </a>                                                        </div>        <img class="article_image" alt="PAN DE MOLDE CONDIS SIN CORTEZA INTEGRAL 450 G" data-original="//static.condisline.com/resize_190x200/images/catalog/large/211405.jpg" src="//static.condisline.com/resize_190x200/images/catalog/large/211405.jpg" width="190" height="200" style="display: block;">        <meta itemprop="image" content="//static.condisline.com/resize_190x200/images/catalog/large/211405.jpg">        <div class="article_price_container" itemprop="offers" itemscope="" itemtype="http://schema.org/Offer">            <!-- Price -->                                            <span class="article_price" itemprop="price"><span id="list_price_211405">1,32</span></span>                <span class="currency">€</span>                <script>                    formatNumber('1.32', 'list_price_211405');                </script>                        <meta itemprop="priceCurrency" content="EUR">            <div class="unit_container">                                    <a class="substract_button" title="Menos" href="javascript:void(0);">-</a>                                <label class="quantity_container">                                                                        <input class="input_quantity_product" id="item_quantity_211405" type="number" data-product="211405" value="" min="1" max="999" required="" autocomplete="off">                                                            </label>                                    <a class="add_button" title="Más" href="javascript:void(0);">+</a>                    <a class="added_tick" title="Cambiar unidades" href="javascript:void(0);"></a>                            </div>                                                <div class="article_pum">                        <span>      2,93€/Kilo</span>                    </div>                                                                            <a data-product-id="211405" class="orange_button btn_add2cart" title="Añadir al carrito" onclick="dataLayer.push({event: 'event_gtm',category:'acciones usuario', action:'a�adir producto desde listado'})" href="javascript:addToCartFromItemList('211405')">AÑADIR AL CARRITO &gt;</a>                                        <span class="added_button">En carrito</span>                                    <a class="white_button" title="Añadir a mi lista" href="javascript:addToListFromItemList('211405')" onclick="dataLayer.push({event: 'event_gtm',category:'acciones usuario', action:'a�adir producto a lista'});">Añadir a mi lista</a>                                </div>                    <a class="article_link" title="Ver ficha de PAN DE MOLDE CONDIS SIN CORTEZA INTEGRAL 450 G" href="/PAN-DE-MOLDE-CONDIS-SIN-CORTEZA-INTEGRAL-450-G_211405_prd_es_ES.jsp" onclick="javascript:callingTaggingEnpoints('')" itemprop="url"></a>                <div class="hover_container">            <div class="hover">                <div class="info_symbol"></div>            </div>        </div>                    </article>            </li>                    <li class="article" itemprop="itemListElement" itemscope="" itemtype="http://schema.org/Product">                    <article class="article_container" id="item_description_213144">            <a class="article_name" title="Ver ficha de PAN BRASA ORTIZ TRADICIONAL 36 UNIDADES" href="/PAN-BRASA-ORTIZ-TRADICIONAL-36-UNIDADES_213144_prd_es_ES.jsp" itemprop="url"><span itemprop="name" id="description_text">PAN BRASA ORTIZ TRADICIONAL 36 UNIDADES</span></a>            <!--informacion de gluten y calorias -->        <div class="info_container">                                                            <img class="info_icon" alt="10% Descuento para suscriptores Condisline Prime" src="//static.condisline.com/resize_39x39/images/product_icons/icon_subscription.png" width="39" height="39">                                            <a class="info" title="10% Descuento para suscriptores Condisline Prime" href="javascript:void(0);">                            <span class="info_text">10% Descuento para suscriptores Condisline Prime</span>                        </a>                                                        </div>        <img class="article_image" alt="PAN BRASA ORTIZ TRADICIONAL 36 UNIDADES" data-original="//static.condisline.com/resize_190x200/images/catalog/large/213144.jpg" src="//static.condisline.com/resize_190x200/images/catalog/large/213144.jpg" width="190" height="200" style="display: block;">        <meta itemprop="image" content="//static.condisline.com/resize_190x200/images/catalog/large/213144.jpg">        <div class="article_price_container" itemprop="offers" itemscope="" itemtype="http://schema.org/Offer">            <!-- Price -->                                            <span class="article_price" itemprop="price"><span id="list_price_213144">2,65</span></span>                <span class="currency">€</span>                <script>                    formatNumber('2.65', 'list_price_213144');                </script>                        <meta itemprop="priceCurrency" content="EUR">            <div class="unit_container">                                    <a class="substract_button" title="Menos" href="javascript:void(0);">-</a>                                <label class="quantity_container">                                                                        <input class="input_quantity_product" id="item_quantity_213144" type="number" data-product="213144" value="" min="1" max="999" required="" autocomplete="off">                                                            </label>                                    <a class="add_button" title="Más" href="javascript:void(0);">+</a>                    <a class="added_tick" title="Cambiar unidades" href="javascript:void(0);"></a>                            </div>                                                <div class="article_pum">                        <span>      8,28€/Kilo</span>                    </div>                                                                            <a data-product-id="213144" class="orange_button btn_add2cart" title="Añadir al carrito" onclick="dataLayer.push({event: 'event_gtm',category:'acciones usuario', action:'a�adir producto desde listado'})" href="javascript:addToCartFromItemList('213144')">AÑADIR AL CARRITO &gt;</a>                                        <span class="added_button">En carrito</span>                                    <a class="white_button" title="Añadir a mi lista" href="javascript:addToListFromItemList('213144')" onclick="dataLayer.push({event: 'event_gtm',category:'acciones usuario', action:'a�adir producto a lista'});">Añadir a mi lista</a>                                </div>                    <a class="article_link" title="Ver ficha de PAN BRASA ORTIZ TRADICIONAL 36 UNIDADES" href="/PAN-BRASA-ORTIZ-TRADICIONAL-36-UNIDADES_213144_prd_es_ES.jsp" onclick="javascript:callingTaggingEnpoints('')" itemprop="url"></a>                <div class="hover_container">            <div class="hover">                <div class="info_symbol"></div>            </div>        </div>                    </article>            </li>                    <li class="article" itemprop="itemListElement" itemscope="" itemtype="http://schema.org/Product">                    <article class="article_container" id="item_description_211496">            <a class="article_name" title="Ver ficha de MINI TOSTAS ORTIZ 100 G" href="/MINI-TOSTAS-ORTIZ-100-G_211496_prd_es_ES.jsp" itemprop="url"><span itemprop="name" id="description_text">MINI TOSTAS ORTIZ 100 G</span></a>            <!--informacion de gluten y calorias -->        <div class="info_container">                            <span class="calories">405 <span>kcal</span></span>                <a class="info" title="Producto con 405 kilocalorías" href="javascript:void(0);">                    <span class="info_text">Producto con 405 kilocalorías.</span>                </a>                                                            <img class="info_icon" alt="10% Descuento para suscriptores Condisline Prime" src="//static.condisline.com/resize_39x39/images/product_icons/icon_subscription.png" width="39" height="39">                                            <a class="info" title="10% Descuento para suscriptores Condisline Prime" href="javascript:void(0);">                            <span class="info_text">10% Descuento para suscriptores Condisline Prime</span>                        </a>                                                        </div>        <img class="article_image" alt="MINI TOSTAS ORTIZ 100 G" data-original="//static.condisline.com/resize_190x200/images/catalog/large/211496.jpg" src="//static.condisline.com/resize_190x200/images/catalog/large/211496.jpg" width="190" height="200" style="display: block;">        <meta itemprop="image" content="//static.condisline.com/resize_190x200/images/catalog/large/211496.jpg">        <div class="article_price_container" itemprop="offers" itemscope="" itemtype="http://schema.org/Offer">            <!-- Price -->                                            <span class="article_price" itemprop="price"><span id="list_price_211496">1,89</span></span>                <span class="currency">€</span>                <script>                    formatNumber('1.89', 'list_price_211496');                </script>                        <meta itemprop="priceCurrency" content="EUR">            <div class="unit_container">                                    <a class="substract_button" title="Menos" href="javascript:void(0);">-</a>                                <label class="quantity_container">                                                                        <input class="input_quantity_product" id="item_quantity_211496" type="number" data-product="211496" value="" min="1" max="999" required="" autocomplete="off">                                                            </label>                                    <a class="add_button" title="Más" href="javascript:void(0);">+</a>                    <a class="added_tick" title="Cambiar unidades" href="javascript:void(0);"></a>                            </div>                                                <div class="article_pum">                        <span>     18,90€/Kilo</span>                    </div>                                                                            <a data-product-id="211496" class="orange_button btn_add2cart" title="Añadir al carrito" onclick="dataLayer.push({event: 'event_gtm',category:'acciones usuario', action:'a�adir producto desde listado'})" href="javascript:addToCartFromItemList('211496')">AÑADIR AL CARRITO &gt;</a>                                        <span class="added_button">En carrito</span>                                    <a class="white_button" title="Añadir a mi lista" href="javascript:addToListFromItemList('211496')" onclick="dataLayer.push({event: 'event_gtm',category:'acciones usuario', action:'a�adir producto a lista'});">Añadir a mi lista</a>                                </div>                    <a class="article_link" title="Ver ficha de MINI TOSTAS ORTIZ 100 G" href="/MINI-TOSTAS-ORTIZ-100-G_211496_prd_es_ES.jsp" onclick="javascript:callingTaggingEnpoints('')" itemprop="url"></a>                <div class="hover_container">            <div class="hover">                <div class="info_symbol"></div>            </div>        </div>                    </article>            </li>                    <li class="article" itemprop="itemListElement" itemscope="" itemtype="http://schema.org/Product">                    <article class="article_container" id="item_description_213005">            <a class="article_name" title="Ver ficha de BAGELS BIMBO CLÁSICO 300 G" href="/BAGELS-BIMBO-CLASICO-300-G_213005_prd_es_ES.jsp" itemprop="url"><span itemprop="name" id="description_text">BAGELS BIMBO CLÁSICO 300 G</span></a>            <!--informacion de gluten y calorias -->        <div class="info_container">                            <span class="calories">286 <span>kcal</span></span>                <a class="info" title="Producto con 286 kilocalorías" href="javascript:void(0);">                    <span class="info_text">Producto con 286 kilocalorías.</span>                </a>                                                            <img class="info_icon" alt="10% Descuento para suscriptores Condisline Prime" src="//static.condisline.com/resize_39x39/images/product_icons/icon_subscription.png" width="39" height="39">                                            <a class="info" title="10% Descuento para suscriptores Condisline Prime" href="javascript:void(0);">                            <span class="info_text">10% Descuento para suscriptores Condisline Prime</span>                        </a>                                                        </div>        <img class="article_image" alt="BAGELS BIMBO CLÁSICO 300 G" data-original="//static.condisline.com/resize_190x200/images/catalog/large/213005.jpg" src="//static.condisline.com/resize_190x200/images/catalog/large/213005.jpg" width="190" height="200" style="display: block;">        <meta itemprop="image" content="//static.condisline.com/resize_190x200/images/catalog/large/213005.jpg">        <div class="article_price_container" itemprop="offers" itemscope="" itemtype="http://schema.org/Offer">            <!-- Price -->                                            <span class="article_price" itemprop="price"><span id="list_price_213005">2,44</span></span>                <span class="currency">€</span>                <script>                    formatNumber('2.44', 'list_price_213005');                </script>                        <meta itemprop="priceCurrency" content="EUR">            <div class="unit_container">                                    <a class="substract_button" title="Menos" href="javascript:void(0);">-</a>                                <label class="quantity_container">                                                                        <input class="input_quantity_product" id="item_quantity_213005" type="number" data-product="213005" value="" min="1" max="999" required="" autocomplete="off">                                                            </label>                                    <a class="add_button" title="Más" href="javascript:void(0);">+</a>                    <a class="added_tick" title="Cambiar unidades" href="javascript:void(0);"></a>                            </div>                                                <div class="article_pum">                        <span>      8,13€/Kilo</span>                    </div>                                                                            <a data-product-id="213005" class="orange_button btn_add2cart" title="Añadir al carrito" onclick="dataLayer.push({event: 'event_gtm',category:'acciones usuario', action:'a�adir producto desde listado'})" href="javascript:addToCartFromItemList('213005')">AÑADIR AL CARRITO &gt;</a>                                        <span class="added_button">En carrito</span>                                    <a class="white_button" title="Añadir a mi lista" href="javascript:addToListFromItemList('213005')" onclick="dataLayer.push({event: 'event_gtm',category:'acciones usuario', action:'a�adir producto a lista'});">Añadir a mi lista</a>                                </div>                    <a class="article_link" title="Ver ficha de BAGELS BIMBO CLÁSICO 300 G" href="/BAGELS-BIMBO-CLASICO-300-G_213005_prd_es_ES.jsp" onclick="javascript:callingTaggingEnpoints('')" itemprop="url"></a>                <div class="hover_container">            <div class="hover">                <div class="info_symbol"></div>            </div>        </div>                    </article>            </li>                    <li class="article" itemprop="itemListElement" itemscope="" itemtype="http://schema.org/Product">                    <article class="article_container" id="item_description_181763">            <a class="article_name" title="Ver ficha de BASE CASA TARRADELLAS PIZZA 260 G" href="/BASE-CASA-TARRADELLAS-PIZZA-260-G_181763_prd_es_ES.jsp" itemprop="url"><span itemprop="name" id="description_text">BASE CASA TARRADELLAS PIZZA 260 G</span></a>            <!--informacion de gluten y calorias -->        <div class="info_container">                            <span class="calories">270 <span>kcal</span></span>                <a class="info" title="Producto con 270 kilocalorías" href="javascript:void(0);">                    <span class="info_text">Producto con 270 kilocalorías.</span>                </a>                                                            <img class="info_icon" alt="10% Descuento para suscriptores Condisline Prime" src="//static.condisline.com/resize_39x39/images/product_icons/icon_subscription.png" width="39" height="39">                                            <a class="info" title="10% Descuento para suscriptores Condisline Prime" href="javascript:void(0);">                            <span class="info_text">10% Descuento para suscriptores Condisline Prime</span>                        </a>                                                        </div>        <img class="article_image" alt="BASE CASA TARRADELLAS PIZZA 260 G" data-original="//static.condisline.com/resize_190x200/images/catalog/large/181763.jpg" src="//static.condisline.com/resize_190x200/images/catalog/large/181763.jpg" width="190" height="200" style="display: block;">        <meta itemprop="image" content="//static.condisline.com/resize_190x200/images/catalog/large/181763.jpg">        <div class="article_price_container" itemprop="offers" itemscope="" itemtype="http://schema.org/Offer">            <!-- Price -->                                            <span class="article_price" itemprop="price"><span id="list_price_181763">1,37</span></span>                <span class="currency">€</span>                <script>                    formatNumber('1.37', 'list_price_181763');                </script>                        <meta itemprop="priceCurrency" content="EUR">            <div class="unit_container">                                    <a class="substract_button" title="Menos" href="javascript:void(0);">-</a>                                <label class="quantity_container">                                                                        <input class="input_quantity_product" id="item_quantity_181763" type="number" data-product="181763" value="" min="1" max="999" required="" autocomplete="off">                                                            </label>                                    <a class="add_button" title="Más" href="javascript:void(0);">+</a>                    <a class="added_tick" title="Cambiar unidades" href="javascript:void(0);"></a>                            </div>                                                <div class="article_pum">                        <span>      5,27€/Kilo</span>                    </div>                                                                            <a data-product-id="181763" class="orange_button btn_add2cart" title="Añadir al carrito" onclick="dataLayer.push({event: 'event_gtm',category:'acciones usuario', action:'a�adir producto desde listado'})" href="javascript:addToCartFromItemList('181763')">AÑADIR AL CARRITO &gt;</a>                                        <span class="added_button">En carrito</span>                                    <a class="white_button" title="Añadir a mi lista" href="javascript:addToListFromItemList('181763')" onclick="dataLayer.push({event: 'event_gtm',category:'acciones usuario', action:'a�adir producto a lista'});">Añadir a mi lista</a>                                </div>                    <a class="article_link" title="Ver ficha de BASE CASA TARRADELLAS PIZZA 260 G" href="/BASE-CASA-TARRADELLAS-PIZZA-260-G_181763_prd_es_ES.jsp" onclick="javascript:callingTaggingEnpoints('')" itemprop="url"></a>                <div class="hover_container">            <div class="hover">                <div class="info_symbol"></div>            </div>        </div>                    </article>            </li>                    <li class="article" itemprop="itemListElement" itemscope="" itemtype="http://schema.org/Product">                    <article class="article_container" id="item_description_213157">            <a class="article_name" title="Ver ficha de PAN MOLDE BIMBO NATURAL BLANCO 360 G" href="/PAN-MOLDE-BIMBO-NATURAL-BLANCO-360-G_213157_prd_es_ES.jsp" itemprop="url"><span itemprop="name" id="description_text">PAN MOLDE BIMBO NATURAL BLANCO 360 G</span></a>            <!--informacion de gluten y calorias -->        <div class="info_container">                            <span class="calories">256 <span>kcal</span></span>                <a class="info" title="Producto con 256 kilocalorías" href="javascript:void(0);">                    <span class="info_text">Producto con 256 kilocalorías.</span>                </a>                                                            <img class="info_icon" alt="10% Descuento para suscriptores Condisline Prime" src="//static.condisline.com/resize_39x39/images/product_icons/icon_subscription.png" width="39" height="39">                                            <a class="info" title="10% Descuento para suscriptores Condisline Prime" href="javascript:void(0);">                            <span class="info_text">10% Descuento para suscriptores Condisline Prime</span>                        </a>                                                        </div>        <img class="article_image" alt="PAN MOLDE BIMBO NATURAL BLANCO 360 G" data-original="//static.condisline.com/resize_190x200/images/catalog/large/213157.jpg" src="//static.condisline.com/resize_190x200/images/catalog/large/213157.jpg" width="190" height="200" style="display: block;">        <meta itemprop="image" content="//static.condisline.com/resize_190x200/images/catalog/large/213157.jpg">        <div class="article_price_container" itemprop="offers" itemscope="" itemtype="http://schema.org/Offer">            <!-- Price -->                                            <span class="article_price" itemprop="price"><span id="list_price_213157">2,19</span></span>                <span class="currency">€</span>                <script>                    formatNumber('2.19', 'list_price_213157');                </script>                        <meta itemprop="priceCurrency" content="EUR">            <div class="unit_container">                                    <a class="substract_button" title="Menos" href="javascript:void(0);">-</a>                                <label class="quantity_container">                                                                        <input class="input_quantity_product" id="item_quantity_213157" type="number" data-product="213157" value="" min="1" max="999" required="" autocomplete="off">                                                            </label>                                    <a class="add_button" title="Más" href="javascript:void(0);">+</a>                    <a class="added_tick" title="Cambiar unidades" href="javascript:void(0);"></a>                            </div>                                                <div class="article_pum">                        <span>      6,08€/Kilo</span>                    </div>                                                                            <a data-product-id="213157" class="orange_button btn_add2cart" title="Añadir al carrito" onclick="dataLayer.push({event: 'event_gtm',category:'acciones usuario', action:'a�adir producto desde listado'})" href="javascript:addToCartFromItemList('213157')">AÑADIR AL CARRITO &gt;</a>                                        <span class="added_button">En carrito</span>                                    <a class="white_button" title="Añadir a mi lista" href="javascript:addToListFromItemList('213157')" onclick="dataLayer.push({event: 'event_gtm',category:'acciones usuario', action:'a�adir producto a lista'});">Añadir a mi lista</a>                                </div>                    <a class="article_link" title="Ver ficha de PAN MOLDE BIMBO NATURAL BLANCO 360 G" href="/PAN-MOLDE-BIMBO-NATURAL-BLANCO-360-G_213157_prd_es_ES.jsp" onclick="javascript:callingTaggingEnpoints('')" itemprop="url"></a>                <div class="hover_container">            <div class="hover">                <div class="info_symbol"></div>            </div>        </div>                    </article>            </li>                    <li class="article" itemprop="itemListElement" itemscope="" itemtype="http://schema.org/Product">                    <article class="article_container" id="item_description_213146">            <a class="article_name" title="Ver ficha de PAN OROWEAT PIPAS GIRASOL Y CALABAZA 550 G" href="/PAN-OROWEAT-PIPAS-GIRASOL-Y-CALABAZA-550-G_213146_prd_es_ES.jsp" itemprop="url"><span itemprop="name" id="description_text">PAN OROWEAT PIPAS GIRASOL Y CALABAZA 550 G</span></a>            <!--informacion de gluten y calorias -->        <div class="info_container">                            <span class="calories">282 <span>kcal</span></span>                <a class="info" title="Producto con 282 kilocalorías" href="javascript:void(0);">                    <span class="info_text">Producto con 282 kilocalorías.</span>                </a>                                                            <img class="info_icon" alt="10% Descuento para suscriptores Condisline Prime" src="//static.condisline.com/resize_39x39/images/product_icons/icon_subscription.png" width="39" height="39">                                            <a class="info" title="10% Descuento para suscriptores Condisline Prime" href="javascript:void(0);">                            <span class="info_text">10% Descuento para suscriptores Condisline Prime</span>                        </a>                                                        </div>        <img class="article_image" alt="PAN OROWEAT PIPAS GIRASOL Y CALABAZA 550 G" data-original="//static.condisline.com/resize_190x200/images/catalog/large/213146.jpg" src="//static.condisline.com/resize_190x200/images/catalog/large/213146.jpg" width="190" height="200" style="display: block;">        <meta itemprop="image" content="//static.condisline.com/resize_190x200/images/catalog/large/213146.jpg">        <div class="article_price_container" itemprop="offers" itemscope="" itemtype="http://schema.org/Offer">            <!-- Price -->                                            <span class="article_price" itemprop="price"><span id="list_price_213146">3,19</span></span>                <span class="currency">€</span>                <script>                    formatNumber('3.19', 'list_price_213146');                </script>                        <meta itemprop="priceCurrency" content="EUR">            <div class="unit_container">                                    <a class="substract_button" title="Menos" href="javascript:void(0);">-</a>                                <label class="quantity_container">                                                                        <input class="input_quantity_product" id="item_quantity_213146" type="number" data-product="213146" value="" min="1" max="999" required="" autocomplete="off">                                                            </label>                                    <a class="add_button" title="Más" href="javascript:void(0);">+</a>                    <a class="added_tick" title="Cambiar unidades" href="javascript:void(0);"></a>                            </div>                                                <div class="article_pum">                        <span>      5,80€/Kilo</span>                    </div>                                                                            <a data-product-id="213146" class="orange_button btn_add2cart" title="Añadir al carrito" onclick="dataLayer.push({event: 'event_gtm',category:'acciones usuario', action:'a�adir producto desde listado'})" href="javascript:addToCartFromItemList('213146')">AÑADIR AL CARRITO &gt;</a>                                        <span class="added_button">En carrito</span>                                    <a class="white_button" title="Añadir a mi lista" href="javascript:addToListFromItemList('213146')" onclick="dataLayer.push({event: 'event_gtm',category:'acciones usuario', action:'a�adir producto a lista'});">Añadir a mi lista</a>                                </div>                    <a class="article_link" title="Ver ficha de PAN OROWEAT PIPAS GIRASOL Y CALABAZA 550 G" href="/PAN-OROWEAT-PIPAS-GIRASOL-Y-CALABAZA-550-G_213146_prd_es_ES.jsp" onclick="javascript:callingTaggingEnpoints('')" itemprop="url"></a>                <div class="hover_container">            <div class="hover">                <div class="info_symbol"></div>            </div>        </div>                    </article>            </li>                    <li class="article" itemprop="itemListElement" itemscope="" itemtype="http://schema.org/Product">                    <article class="article_container" id="item_description_211787">            <a class="article_name" title="Ver ficha de ARTESANITOS LA RÚSTICA 250 G" href="/ARTESANITOS-LA-RUSTICA-250-G_211787_prd_es_ES.jsp" itemprop="url"><span itemprop="name" id="description_text">ARTESANITOS LA RÚSTICA 250 G</span></a>            <!--informacion de gluten y calorias -->        <div class="info_container">                                                            <img class="info_icon" alt="10% Descuento para suscriptores Condisline Prime" src="//static.condisline.com/resize_39x39/images/product_icons/icon_subscription.png" width="39" height="39">                                            <a class="info" title="10% Descuento para suscriptores Condisline Prime" href="javascript:void(0);">                            <span class="info_text">10% Descuento para suscriptores Condisline Prime</span>                        </a>                                                        </div>        <img class="article_image" alt="ARTESANITOS LA RÚSTICA 250 G" data-original="//static.condisline.com/resize_190x200/images/catalog/large/211787.jpg" src="//static.condisline.com/resize_190x200/images/catalog/large/211787.jpg" width="190" height="200" style="display: block;">        <meta itemprop="image" content="//static.condisline.com/resize_190x200/images/catalog/large/211787.jpg">        <div class="article_price_container" itemprop="offers" itemscope="" itemtype="http://schema.org/Offer">            <!-- Price -->                                            <span class="article_price" itemprop="price"><span id="list_price_211787">1,05</span></span>                <span class="currency">€</span>                <script>                    formatNumber('1.05', 'list_price_211787');                </script>                        <meta itemprop="priceCurrency" content="EUR">            <div class="unit_container">                                    <a class="substract_button" title="Menos" href="javascript:void(0);">-</a>                                <label class="quantity_container">                                                                        <input class="input_quantity_product" id="item_quantity_211787" type="number" data-product="211787" value="" min="1" max="999" required="" autocomplete="off">                                                            </label>                                    <a class="add_button" title="Más" href="javascript:void(0);">+</a>                    <a class="added_tick" title="Cambiar unidades" href="javascript:void(0);"></a>                            </div>                                                <div class="article_pum">                        <span>      4,20€/Kilo</span>                    </div>                                                                            <a data-product-id="211787" class="orange_button btn_add2cart" title="Añadir al carrito" onclick="dataLayer.push({event: 'event_gtm',category:'acciones usuario', action:'a�adir producto desde listado'})" href="javascript:addToCartFromItemList('211787')">AÑADIR AL CARRITO &gt;</a>                                        <span class="added_button">En carrito</span>                                    <a class="white_button" title="Añadir a mi lista" href="javascript:addToListFromItemList('211787')" onclick="dataLayer.push({event: 'event_gtm',category:'acciones usuario', action:'a�adir producto a lista'});">Añadir a mi lista</a>                                </div>                    <a class="article_link" title="Ver ficha de ARTESANITOS LA RÚSTICA 250 G" href="/ARTESANITOS-LA-RUSTICA-250-G_211787_prd_es_ES.jsp" onclick="javascript:callingTaggingEnpoints('')" itemprop="url"></a>                <div class="hover_container">            <div class="hover">                <div class="info_symbol"></div>            </div>        </div>                    </article>            </li>                    <li class="article" itemprop="itemListElement" itemscope="" itemtype="http://schema.org/Product">                    <article class="article_container" id="item_description_211095">            <a class="article_name" title="Ver ficha de BOCATAS CONDIS HOT DOG 6 UNIDADES 330 G" href="/BOCATAS-CONDIS-HOT-DOG-6-UNIDADES-330-G_211095_prd_es_ES.jsp" itemprop="url"><span itemprop="name" id="description_text">BOCATAS CONDIS HOT DOG 6 UNIDADES 330 G</span></a>            <!--informacion de gluten y calorias -->        <div class="info_container">                            <span class="calories">270 <span>kcal</span></span>                <a class="info" title="Producto con 270 kilocalorías" href="javascript:void(0);">                    <span class="info_text">Producto con 270 kilocalorías.</span>                </a>                                                            <img class="info_icon" alt="10% Descuento para suscriptores Condisline Prime" src="//static.condisline.com/resize_39x39/images/product_icons/icon_subscription.png" width="39" height="39">                                            <a class="info" title="10% Descuento para suscriptores Condisline Prime" href="javascript:void(0);">                            <span class="info_text">10% Descuento para suscriptores Condisline Prime</span>                        </a>                                                        <img class="info_icon" alt="Marca propia" src="//static.condisline.com/resize_39x39/images/product_icons/marca_propia.png" width="39" height="39">                                            <a class="info" title="Marca propia" href="javascript:void(0);">                            <span class="info_text">Marca propia</span>                        </a>                                                        </div>        <img class="article_image" alt="BOCATAS CONDIS HOT DOG 6 UNIDADES 330 G" data-original="//static.condisline.com/resize_190x200/images/catalog/large/211095.jpg" src="//static.condisline.com/resize_190x200/images/catalog/large/211095.jpg" width="190" height="200" style="display: block;">        <meta itemprop="image" content="//static.condisline.com/resize_190x200/images/catalog/large/211095.jpg">        <div class="article_price_container" itemprop="offers" itemscope="" itemtype="http://schema.org/Offer">            <!-- Price -->                                            <span class="article_price" itemprop="price"><span id="list_price_211095">0,94</span></span>                <span class="currency">€</span>                <script>                    formatNumber('0.94', 'list_price_211095');                </script>                        <meta itemprop="priceCurrency" content="EUR">            <div class="unit_container">                                    <a class="substract_button" title="Menos" href="javascript:void(0);">-</a>                                <label class="quantity_container">                                                                        <input class="input_quantity_product" id="item_quantity_211095" type="number" data-product="211095" value="" min="1" max="999" required="" autocomplete="off">                                                            </label>                                    <a class="add_button" title="Más" href="javascript:void(0);">+</a>                    <a class="added_tick" title="Cambiar unidades" href="javascript:void(0);"></a>                            </div>                                                <div class="article_pum">                        <span>      2,85€/Kilo</span>                    </div>                                                                            <a data-product-id="211095" class="orange_button btn_add2cart" title="Añadir al carrito" onclick="dataLayer.push({event: 'event_gtm',category:'acciones usuario', action:'a�adir producto desde listado'})" href="javascript:addToCartFromItemList('211095')">AÑADIR AL CARRITO &gt;</a>                                        <span class="added_button">En carrito</span>                                    <a class="white_button" title="Añadir a mi lista" href="javascript:addToListFromItemList('211095')" onclick="dataLayer.push({event: 'event_gtm',category:'acciones usuario', action:'a�adir producto a lista'});">Añadir a mi lista</a>                                </div>                    <a class="article_link" title="Ver ficha de BOCATAS CONDIS HOT DOG 6 UNIDADES 330 G" href="/BOCATAS-CONDIS-HOT-DOG-6-UNIDADES-330-G_211095_prd_es_ES.jsp" onclick="javascript:callingTaggingEnpoints('')" itemprop="url"></a>                <div class="hover_container">            <div class="hover">                <div class="info_symbol"></div>            </div>        </div>                    </article>            </li>                    <li class="article" itemprop="itemListElement" itemscope="" itemtype="http://schema.org/Product">                    <article class="article_container" id="item_description_213142">            <a class="article_name" title="Ver ficha de PAN BRASA ORTIZ INTEGRAL 36 UNIDADES" href="/PAN-BRASA-ORTIZ-INTEGRAL-36-UNIDADES_213142_prd_es_ES.jsp" itemprop="url"><span itemprop="name" id="description_text">PAN BRASA ORTIZ INTEGRAL 36 UNIDADES</span></a>            <!--informacion de gluten y calorias -->        <div class="info_container">                                                            <img class="info_icon" alt="10% Descuento para suscriptores Condisline Prime" src="//static.condisline.com/resize_39x39/images/product_icons/icon_subscription.png" width="39" height="39">                                            <a class="info" title="10% Descuento para suscriptores Condisline Prime" href="javascript:void(0);">                            <span class="info_text">10% Descuento para suscriptores Condisline Prime</span>                        </a>                                                        </div>        <img class="article_image" alt="PAN BRASA ORTIZ INTEGRAL 36 UNIDADES" data-original="//static.condisline.com/resize_190x200/images/catalog/large/213142.jpg" src="//static.condisline.com/resize_190x200/images/catalog/large/213142.jpg" width="190" height="200" style="display: block;">        <meta itemprop="image" content="//static.condisline.com/resize_190x200/images/catalog/large/213142.jpg">        <div class="article_price_container" itemprop="offers" itemscope="" itemtype="http://schema.org/Offer">            <!-- Price -->                                            <span class="article_price" itemprop="price"><span id="list_price_213142">2,65</span></span>                <span class="currency">€</span>                <script>                    formatNumber('2.65', 'list_price_213142');                </script>                        <meta itemprop="priceCurrency" content="EUR">            <div class="unit_container">                                    <a class="substract_button" title="Menos" href="javascript:void(0);">-</a>                                <label class="quantity_container">                                                                        <input class="input_quantity_product" id="item_quantity_213142" type="number" data-product="213142" value="" min="1" max="999" required="" autocomplete="off">                                                            </label>                                    <a class="add_button" title="Más" href="javascript:void(0);">+</a>                    <a class="added_tick" title="Cambiar unidades" href="javascript:void(0);"></a>                            </div>                                                <div class="article_pum">                        <span>      8,28€/Kilo</span>                    </div>                                                                            <a data-product-id="213142" class="orange_button btn_add2cart" title="Añadir al carrito" onclick="dataLayer.push({event: 'event_gtm',category:'acciones usuario', action:'a�adir producto desde listado'})" href="javascript:addToCartFromItemList('213142')">AÑADIR AL CARRITO &gt;</a>                                        <span class="added_button">En carrito</span>                                    <a class="white_button" title="Añadir a mi lista" href="javascript:addToListFromItemList('213142')" onclick="dataLayer.push({event: 'event_gtm',category:'acciones usuario', action:'a�adir producto a lista'});">Añadir a mi lista</a>                                </div>                    <a class="article_link" title="Ver ficha de PAN BRASA ORTIZ INTEGRAL 36 UNIDADES" href="/PAN-BRASA-ORTIZ-INTEGRAL-36-UNIDADES_213142_prd_es_ES.jsp" onclick="javascript:callingTaggingEnpoints('')" itemprop="url"></a>                <div class="hover_container">            <div class="hover">                <div class="info_symbol"></div>            </div>        </div>                    </article>            </li>                    <li class="article" itemprop="itemListElement" itemscope="" itemtype="http://schema.org/Product">                    <article class="article_container" id="item_description_211801">            <a class="article_name" title="Ver ficha de PICATOSTES LA RÚSTICA OLIVAS 100 G" href="/PICATOSTES-LA-RUSTICA-OLIVAS-100-G_211801_prd_es_ES.jsp" itemprop="url"><span itemprop="name" id="description_text">PICATOSTES LA RÚSTICA OLIVAS 100 G</span></a>            <!--informacion de gluten y calorias -->        <div class="info_container">                                                            <img class="info_icon" alt="10% Descuento para suscriptores Condisline Prime" src="//static.condisline.com/resize_39x39/images/product_icons/icon_subscription.png" width="39" height="39">                                            <a class="info" title="10% Descuento para suscriptores Condisline Prime" href="javascript:void(0);">                            <span class="info_text">10% Descuento para suscriptores Condisline Prime</span>                        </a>                                                        </div>        <img class="article_image" alt="PICATOSTES LA RÚSTICA OLIVAS 100 G" data-original="//static.condisline.com/resize_190x200/images/catalog/large/211801.jpg" src="//static.condisline.com/resize_190x200/images/catalog/large/211801.jpg" width="190" height="200" style="display: block;">        <meta itemprop="image" content="//static.condisline.com/resize_190x200/images/catalog/large/211801.jpg">        <div class="article_price_container" itemprop="offers" itemscope="" itemtype="http://schema.org/Offer">            <!-- Price -->                                            <span class="article_price" itemprop="price"><span id="list_price_211801">1,41</span></span>                <span class="currency">€</span>                <script>                    formatNumber('1.41', 'list_price_211801');                </script>                        <meta itemprop="priceCurrency" content="EUR">            <div class="unit_container">                                    <a class="substract_button" title="Menos" href="javascript:void(0);">-</a>                                <label class="quantity_container">                                                                        <input class="input_quantity_product" id="item_quantity_211801" type="number" data-product="211801" value="" min="1" max="999" required="" autocomplete="off">                                                            </label>                                    <a class="add_button" title="Más" href="javascript:void(0);">+</a>                    <a class="added_tick" title="Cambiar unidades" href="javascript:void(0);"></a>                            </div>                                                <div class="article_pum">                        <span>     14,10€/Kilo</span>                    </div>                                                                            <a data-product-id="211801" class="orange_button btn_add2cart" title="Añadir al carrito" onclick="dataLayer.push({event: 'event_gtm',category:'acciones usuario', action:'a�adir producto desde listado'})" href="javascript:addToCartFromItemList('211801')">AÑADIR AL CARRITO &gt;</a>                                        <span class="added_button">En carrito</span>                                    <a class="white_button" title="Añadir a mi lista" href="javascript:addToListFromItemList('211801')" onclick="dataLayer.push({event: 'event_gtm',category:'acciones usuario', action:'a�adir producto a lista'});">Añadir a mi lista</a>                                </div>                    <a class="article_link" title="Ver ficha de PICATOSTES LA RÚSTICA OLIVAS 100 G" href="/PICATOSTES-LA-RUSTICA-OLIVAS-100-G_211801_prd_es_ES.jsp" onclick="javascript:callingTaggingEnpoints('')" itemprop="url"></a>                <div class="hover_container">            <div class="hover">                <div class="info_symbol"></div>            </div>        </div>                    </article>            </li>                    <li class="article" itemprop="itemListElement" itemscope="" itemtype="http://schema.org/Product">                    <article class="article_container" id="item_description_122139">            <a class="article_name" title="Ver ficha de MASA HOJALDRE CONDIS RECTANGULAR 230 G" href="/MASA-HOJALDRE-CONDIS-RECTANGULAR-230-G_122139_prd_es_ES.jsp" itemprop="url"><span itemprop="name" id="description_text">MASA HOJALDRE CONDIS RECTANGULAR 230 G</span></a>            <!--informacion de gluten y calorias -->        <div class="info_container">                            <span class="calories">395 <span>kcal</span></span>                <a class="info" title="Producto con 395 kilocalorías" href="javascript:void(0);">                    <span class="info_text">Producto con 395 kilocalorías.</span>                </a>                                                            <img class="info_icon" alt="10% Descuento para suscriptores Condisline Prime" src="//static.condisline.com/resize_39x39/images/product_icons/icon_subscription.png" width="39" height="39">                                            <a class="info" title="10% Descuento para suscriptores Condisline Prime" href="javascript:void(0);">                            <span class="info_text">10% Descuento para suscriptores Condisline Prime</span>                        </a>                                                        <img class="info_icon" alt="Marca propia" src="//static.condisline.com/resize_39x39/images/product_icons/marca_propia.png" width="39" height="39">                                            <a class="info" title="Marca propia" href="javascript:void(0);">                            <span class="info_text">Marca propia</span>                        </a>                                                        </div>        <img class="article_image" alt="MASA HOJALDRE CONDIS RECTANGULAR 230 G" data-original="//static.condisline.com/resize_190x200/images/catalog/large/122139.jpg" src="//static.condisline.com/resize_190x200/images/catalog/large/122139.jpg" width="190" height="200" style="display: block;">        <meta itemprop="image" content="//static.condisline.com/resize_190x200/images/catalog/large/122139.jpg">        <div class="article_price_container" itemprop="offers" itemscope="" itemtype="http://schema.org/Offer">            <!-- Price -->                                            <span class="article_price" itemprop="price"><span id="list_price_122139">1,20</span></span>                <span class="currency">€</span>                <script>                    formatNumber('1.2', 'list_price_122139');                </script>                        <meta itemprop="priceCurrency" content="EUR">            <div class="unit_container">                                    <a class="substract_button" title="Menos" href="javascript:void(0);">-</a>                                <label class="quantity_container">                                                                        <input class="input_quantity_product" id="item_quantity_122139" type="number" data-product="122139" value="" min="1" max="999" required="" autocomplete="off">                                                            </label>                                    <a class="add_button" title="Más" href="javascript:void(0);">+</a>                    <a class="added_tick" title="Cambiar unidades" href="javascript:void(0);"></a>                            </div>                                                <div class="article_pum">                        <span>      5,22€/Kilo</span>                    </div>                                                                            <a data-product-id="122139" class="orange_button btn_add2cart" title="Añadir al carrito" onclick="dataLayer.push({event: 'event_gtm',category:'acciones usuario', action:'a�adir producto desde listado'})" href="javascript:addToCartFromItemList('122139')">AÑADIR AL CARRITO &gt;</a>                                        <span class="added_button">En carrito</span>                                    <a class="white_button" title="Añadir a mi lista" href="javascript:addToListFromItemList('122139')" onclick="dataLayer.push({event: 'event_gtm',category:'acciones usuario', action:'a�adir producto a lista'});">Añadir a mi lista</a>                                </div>                    <a class="article_link" title="Ver ficha de MASA HOJALDRE CONDIS RECTANGULAR 230 G" href="/MASA-HOJALDRE-CONDIS-RECTANGULAR-230-G_122139_prd_es_ES.jsp" onclick="javascript:callingTaggingEnpoints('')" itemprop="url"></a>                <div class="hover_container">            <div class="hover">                <div class="info_symbol"></div>            </div>        </div>                    </article>            </li>                    <li class="article" itemprop="itemListElement" itemscope="" itemtype="http://schema.org/Product">                    <article class="article_container" id="item_description_216971">            <a class="article_name" title="Ver ficha de PAN RÚSTICO LA RÚSTICA DE CENTENO 140 G" href="/PAN-RUSTICO-LA-RUSTICA-DE-CENTENO-140-G_216971_prd_es_ES.jsp" itemprop="url"><span itemprop="name" id="description_text">PAN RÚSTICO LA RÚSTICA DE CENTENO 140 G</span></a>            <!--informacion de gluten y calorias -->        <div class="info_container">                                                            <img class="info_icon" alt="10% Descuento para suscriptores Condisline Prime" src="//static.condisline.com/resize_39x39/images/product_icons/icon_subscription.png" width="39" height="39">                                            <a class="info" title="10% Descuento para suscriptores Condisline Prime" href="javascript:void(0);">                            <span class="info_text">10% Descuento para suscriptores Condisline Prime</span>                        </a>                                                        </div>        <img class="article_image" alt="PAN RÚSTICO LA RÚSTICA DE CENTENO 140 G" data-original="//static.condisline.com/resize_190x200/images/catalog/large/216971.jpg" src="//static.condisline.com/resize_190x200/images/catalog/large/216971.jpg" width="190" height="200" style="display: block;">        <meta itemprop="image" content="//static.condisline.com/resize_190x200/images/catalog/large/216971.jpg">        <div class="article_price_container" itemprop="offers" itemscope="" itemtype="http://schema.org/Offer">            <!-- Price -->                                            <span class="article_price" itemprop="price"><span id="list_price_216971">1,37</span></span>                <span class="currency">€</span>                <script>                    formatNumber('1.37', 'list_price_216971');                </script>                        <meta itemprop="priceCurrency" content="EUR">            <div class="unit_container">                                    <a class="substract_button" title="Menos" href="javascript:void(0);">-</a>                                <label class="quantity_container">                                                                        <input class="input_quantity_product" id="item_quantity_216971" type="number" data-product="216971" value="" min="1" max="999" required="" autocomplete="off">                                                            </label>                                    <a class="add_button" title="Más" href="javascript:void(0);">+</a>                    <a class="added_tick" title="Cambiar unidades" href="javascript:void(0);"></a>                            </div>                                                <div class="article_pum">                        <span>      9,79€/Kilo</span>                    </div>                                                                            <a data-product-id="216971" class="orange_button btn_add2cart" title="Añadir al carrito" onclick="dataLayer.push({event: 'event_gtm',category:'acciones usuario', action:'a�adir producto desde listado'})" href="javascript:addToCartFromItemList('216971')">AÑADIR AL CARRITO &gt;</a>                                        <span class="added_button">En carrito</span>                                    <a class="white_button" title="Añadir a mi lista" href="javascript:addToListFromItemList('216971')" onclick="dataLayer.push({event: 'event_gtm',category:'acciones usuario', action:'a�adir producto a lista'});">Añadir a mi lista</a>                                </div>                    <a class="article_link" title="Ver ficha de PAN RÚSTICO LA RÚSTICA DE CENTENO 140 G" href="/PAN-RUSTICO-LA-RUSTICA-DE-CENTENO-140-G_216971_prd_es_ES.jsp" onclick="javascript:callingTaggingEnpoints('')" itemprop="url"></a>                <div class="hover_container">            <div class="hover">                <div class="info_symbol"></div>            </div>        </div>                    </article>            </li>                    <li class="article" itemprop="itemListElement" itemscope="" itemtype="http://schema.org/Product">                    <article class="article_container" id="item_description_213145">            <a class="article_name" title="Ver ficha de PAN BRASA ORTIZ MULTICEREALES 36 UNIDADES" href="/PAN-BRASA-ORTIZ-MULTICEREALES-36-UNIDADES_213145_prd_es_ES.jsp" itemprop="url"><span itemprop="name" id="description_text">PAN BRASA ORTIZ MULTICEREALES 36 UNIDADES</span></a>            <!--informacion de gluten y calorias -->        <div class="info_container">                                                            <img class="info_icon" alt="10% Descuento para suscriptores Condisline Prime" src="//static.condisline.com/resize_39x39/images/product_icons/icon_subscription.png" width="39" height="39">                                            <a class="info" title="10% Descuento para suscriptores Condisline Prime" href="javascript:void(0);">                            <span class="info_text">10% Descuento para suscriptores Condisline Prime</span>                        </a>                                                        </div>        <img class="article_image" alt="PAN BRASA ORTIZ MULTICEREALES 36 UNIDADES" data-original="//static.condisline.com/resize_190x200/images/catalog/large/213145.jpg" src="//static.condisline.com/resize_190x200/images/catalog/large/213145.jpg" width="190" height="200" style="display: block;">        <meta itemprop="image" content="//static.condisline.com/resize_190x200/images/catalog/large/213145.jpg">        <div class="article_price_container" itemprop="offers" itemscope="" itemtype="http://schema.org/Offer">            <!-- Price -->                                            <span class="article_price" itemprop="price"><span id="list_price_213145">2,65</span></span>                <span class="currency">€</span>                <script>                    formatNumber('2.65', 'list_price_213145');                </script>                        <meta itemprop="priceCurrency" content="EUR">            <div class="unit_container">                                    <a class="substract_button" title="Menos" href="javascript:void(0);">-</a>                                <label class="quantity_container">                                                                        <input class="input_quantity_product" id="item_quantity_213145" type="number" data-product="213145" value="" min="1" max="999" required="" autocomplete="off">                                                            </label>                                    <a class="add_button" title="Más" href="javascript:void(0);">+</a>                    <a class="added_tick" title="Cambiar unidades" href="javascript:void(0);"></a>                            </div>                                                <div class="article_pum">                        <span>      8,28€/Kilo</span>                    </div>                                                                            <a data-product-id="213145" class="orange_button btn_add2cart" title="Añadir al carrito" onclick="dataLayer.push({event: 'event_gtm',category:'acciones usuario', action:'a�adir producto desde listado'})" href="javascript:addToCartFromItemList('213145')">AÑADIR AL CARRITO &gt;</a>                                        <span class="added_button">En carrito</span>                                    <a class="white_button" title="Añadir a mi lista" href="javascript:addToListFromItemList('213145')" onclick="dataLayer.push({event: 'event_gtm',category:'acciones usuario', action:'a�adir producto a lista'});">Añadir a mi lista</a>                                </div>                    <a class="article_link" title="Ver ficha de PAN BRASA ORTIZ MULTICEREALES 36 UNIDADES" href="/PAN-BRASA-ORTIZ-MULTICEREALES-36-UNIDADES_213145_prd_es_ES.jsp" onclick="javascript:callingTaggingEnpoints('')" itemprop="url"></a>                <div class="hover_container">            <div class="hover">                <div class="info_symbol"></div>            </div>        </div>                    </article>            </li>                    <li class="article" itemprop="itemListElement" itemscope="" itemtype="http://schema.org/Product">                    <article class="article_container" id="item_description_216704">            <a class="article_name" title="Ver ficha de PAN PUEBLO MONTESLARA  500 G" href="/PAN-PUEBLO-MONTESLARA-500-G_216704_prd_es_ES.jsp" itemprop="url"><span itemprop="name" id="description_text">PAN PUEBLO MONTESLARA  500 G</span></a>            <!--informacion de gluten y calorias -->        <div class="info_container">                            <span class="calories">252 <span>kcal</span></span>                <a class="info" title="Producto con 252 kilocalorías" href="javascript:void(0);">                    <span class="info_text">Producto con 252 kilocalorías.</span>                </a>                                                            <img class="info_icon" alt="10% Descuento para suscriptores Condisline Prime" src="//static.condisline.com/resize_39x39/images/product_icons/icon_subscription.png" width="39" height="39">                                            <a class="info" title="10% Descuento para suscriptores Condisline Prime" href="javascript:void(0);">                            <span class="info_text">10% Descuento para suscriptores Condisline Prime</span>                        </a>                                                        </div>        <img class="article_image" alt="PAN PUEBLO MONTESLARA  500 G" data-original="//static.condisline.com/resize_190x200/images/catalog/large/216704.jpg" src="//static.condisline.com/resize_190x200/images/catalog/large/216704.jpg" width="190" height="200" style="display: block;">        <meta itemprop="image" content="//static.condisline.com/resize_190x200/images/catalog/large/216704.jpg">        <div class="article_price_container" itemprop="offers" itemscope="" itemtype="http://schema.org/Offer">            <!-- Price -->                                            <span class="article_price" itemprop="price"><span id="list_price_216704">1,95</span></span>                <span class="currency">€</span>                <script>                    formatNumber('1.95', 'list_price_216704');                </script>                        <meta itemprop="priceCurrency" content="EUR">            <div class="unit_container">                                    <a class="substract_button" title="Menos" href="javascript:void(0);">-</a>                                <label class="quantity_container">                                                                        <input class="input_quantity_product" id="item_quantity_216704" type="number" data-product="216704" value="" min="1" max="999" required="" autocomplete="off">                                                            </label>                                    <a class="add_button" title="Más" href="javascript:void(0);">+</a>                    <a class="added_tick" title="Cambiar unidades" href="javascript:void(0);"></a>                            </div>                                                <div class="article_pum">                        <span>      3,90€/Kilo</span>                    </div>                                                                            <a data-product-id="216704" class="orange_button btn_add2cart" title="Añadir al carrito" onclick="dataLayer.push({event: 'event_gtm',category:'acciones usuario', action:'a�adir producto desde listado'})" href="javascript:addToCartFromItemList('216704')">AÑADIR AL CARRITO &gt;</a>                                        <span class="added_button">En carrito</span>                                    <a class="white_button" title="Añadir a mi lista" href="javascript:addToListFromItemList('216704')" onclick="dataLayer.push({event: 'event_gtm',category:'acciones usuario', action:'a�adir producto a lista'});">Añadir a mi lista</a>                                </div>                    <a class="article_link" title="Ver ficha de PAN PUEBLO MONTESLARA  500 G" href="/PAN-PUEBLO-MONTESLARA-500-G_216704_prd_es_ES.jsp" onclick="javascript:callingTaggingEnpoints('')" itemprop="url"></a>                <div class="hover_container">            <div class="hover">                <div class="info_symbol"></div>            </div>        </div>                    </article>            </li>                    <li class="article" itemprop="itemListElement" itemscope="" itemtype="http://schema.org/Product">                    <article class="article_container" id="item_description_216972">            <a class="article_name" title="Ver ficha de BOCADITOS LA RÚSTICA PAN CRISTAL 130 G" href="/BOCADITOS-LA-RUSTICA-PAN-CRISTAL-130-G_216972_prd_es_ES.jsp" itemprop="url"><span itemprop="name" id="description_text">BOCADITOS LA RÚSTICA PAN CRISTAL 130 G</span></a>            <!--informacion de gluten y calorias -->        <div class="info_container">                                                            <img class="info_icon" alt="10% Descuento para suscriptores Condisline Prime" src="//static.condisline.com/resize_39x39/images/product_icons/icon_subscription.png" width="39" height="39">                                            <a class="info" title="10% Descuento para suscriptores Condisline Prime" href="javascript:void(0);">                            <span class="info_text">10% Descuento para suscriptores Condisline Prime</span>                        </a>                                                        </div>        <img class="article_image" alt="BOCADITOS LA RÚSTICA PAN CRISTAL 130 G" data-original="//static.condisline.com/resize_190x200/images/catalog/large/216972.jpg" src="//static.condisline.com/resize_190x200/images/catalog/large/216972.jpg" width="190" height="200" style="display: block;">        <meta itemprop="image" content="//static.condisline.com/resize_190x200/images/catalog/large/216972.jpg">        <div class="article_price_container" itemprop="offers" itemscope="" itemtype="http://schema.org/Offer">            <!-- Price -->                                            <span class="article_price" itemprop="price"><span id="list_price_216972">1,45</span></span>                <span class="currency">€</span>                <script>                    formatNumber('1.45', 'list_price_216972');                </script>                        <meta itemprop="priceCurrency" content="EUR">            <div class="unit_container">                                    <a class="substract_button" title="Menos" href="javascript:void(0);">-</a>                                <label class="quantity_container">                                                                        <input class="input_quantity_product" id="item_quantity_216972" type="number" data-product="216972" value="" min="1" max="999" required="" autocomplete="off">                                                            </label>                                    <a class="add_button" title="Más" href="javascript:void(0);">+</a>                    <a class="added_tick" title="Cambiar unidades" href="javascript:void(0);"></a>                            </div>                                                <div class="article_pum">                        <span>     11,15€/Kilo</span>                    </div>                                                                            <a data-product-id="216972" class="orange_button btn_add2cart" title="Añadir al carrito" onclick="dataLayer.push({event: 'event_gtm',category:'acciones usuario', action:'a�adir producto desde listado'})" href="javascript:addToCartFromItemList('216972')">AÑADIR AL CARRITO &gt;</a>                                        <span class="added_button">En carrito</span>                                    <a class="white_button" title="Añadir a mi lista" href="javascript:addToListFromItemList('216972')" onclick="dataLayer.push({event: 'event_gtm',category:'acciones usuario', action:'a�adir producto a lista'});">Añadir a mi lista</a>                                </div>                    <a class="article_link" title="Ver ficha de BOCADITOS LA RÚSTICA PAN CRISTAL 130 G" href="/BOCADITOS-LA-RUSTICA-PAN-CRISTAL-130-G_216972_prd_es_ES.jsp" onclick="javascript:callingTaggingEnpoints('')" itemprop="url"></a>                <div class="hover_container">            <div class="hover">                <div class="info_symbol"></div>            </div>        </div>                    </article>            </li>                    <li class="article" itemprop="itemListElement" itemscope="" itemtype="http://schema.org/Product">                    <article class="article_container" id="item_description_216696">            <a class="article_name" title="Ver ficha de BAGUETTE MONTESLARA VIENA 2 UNIDADES 170 G" href="/BAGUETTE-MONTESLARA-VIENA-2-UNIDADES-170-G_216696_prd_es_ES.jsp" itemprop="url"><span itemprop="name" id="description_text">BAGUETTE MONTESLARA VIENA 2 UNIDADES 170 G</span></a>            <!--informacion de gluten y calorias -->        <div class="info_container">                            <span class="calories">338 <span>kcal</span></span>                <a class="info" title="Producto con 338 kilocalorías" href="javascript:void(0);">                    <span class="info_text">Producto con 338 kilocalorías.</span>                </a>                                                            <img class="info_icon" alt="10% Descuento para suscriptores Condisline Prime" src="//static.condisline.com/resize_39x39/images/product_icons/icon_subscription.png" width="39" height="39">                                            <a class="info" title="10% Descuento para suscriptores Condisline Prime" href="javascript:void(0);">                            <span class="info_text">10% Descuento para suscriptores Condisline Prime</span>                        </a>                                                        </div>        <img class="article_image" alt="BAGUETTE MONTESLARA VIENA 2 UNIDADES 170 G" data-original="//static.condisline.com/resize_190x200/images/catalog/large/216696.jpg" src="//static.condisline.com/resize_190x200/images/catalog/large/216696.jpg" width="190" height="200" style="display: block;">        <meta itemprop="image" content="//static.condisline.com/resize_190x200/images/catalog/large/216696.jpg">        <div class="article_price_container" itemprop="offers" itemscope="" itemtype="http://schema.org/Offer">            <!-- Price -->                                            <span class="article_price" itemprop="price"><span id="list_price_216696">2,09</span></span>                <span class="currency">€</span>                <script>                    formatNumber('2.09', 'list_price_216696');                </script>                        <meta itemprop="priceCurrency" content="EUR">            <div class="unit_container">                                    <a class="substract_button" title="Menos" href="javascript:void(0);">-</a>                                <label class="quantity_container">                                                                        <input class="input_quantity_product" id="item_quantity_216696" type="number" data-product="216696" value="" min="1" max="999" required="" autocomplete="off">                                                            </label>                                    <a class="add_button" title="Más" href="javascript:void(0);">+</a>                    <a class="added_tick" title="Cambiar unidades" href="javascript:void(0);"></a>                            </div>                                                <div class="article_pum">                        <span>     12,29€/Kilo</span>                    </div>                                                                            <a data-product-id="216696" class="orange_button btn_add2cart" title="Añadir al carrito" onclick="dataLayer.push({event: 'event_gtm',category:'acciones usuario', action:'a�adir producto desde listado'})" href="javascript:addToCartFromItemList('216696')">AÑADIR AL CARRITO &gt;</a>                                        <span class="added_button">En carrito</span>                                    <a class="white_button" title="Añadir a mi lista" href="javascript:addToListFromItemList('216696')" onclick="dataLayer.push({event: 'event_gtm',category:'acciones usuario', action:'a�adir producto a lista'});">Añadir a mi lista</a>                                </div>                    <a class="article_link" title="Ver ficha de BAGUETTE MONTESLARA VIENA 2 UNIDADES 170 G" href="/BAGUETTE-MONTESLARA-VIENA-2-UNIDADES-170-G_216696_prd_es_ES.jsp" onclick="javascript:callingTaggingEnpoints('')" itemprop="url"></a>                <div class="hover_container">            <div class="hover">                <div class="info_symbol"></div>            </div>        </div>                    </article>            </li>                    <li class="article" itemprop="itemListElement" itemscope="" itemtype="http://schema.org/Product">                    <article class="article_container" id="item_description_216123">            <a class="article_name" title="Ver ficha de PALITOS SNATT'S OLIVAS Y SÉSAMO 60 G" href="/PALITOS-SNATT-S-OLIVAS-Y-SESAMO-60-G_216123_prd_es_ES.jsp" itemprop="url"><span itemprop="name" id="description_text">PALITOS SNATT'S OLIVAS Y SÉSAMO 60 G</span></a>            <!--informacion de gluten y calorias -->        <div class="info_container">                            <span class="calories">488 <span>kcal</span></span>                <a class="info" title="Producto con 488 kilocalorías" href="javascript:void(0);">                    <span class="info_text">Producto con 488 kilocalorías.</span>                </a>                                                            <img class="info_icon" alt="10% Descuento para suscriptores Condisline Prime" src="//static.condisline.com/resize_39x39/images/product_icons/icon_subscription.png" width="39" height="39">                                            <a class="info" title="10% Descuento para suscriptores Condisline Prime" href="javascript:void(0);">                            <span class="info_text">10% Descuento para suscriptores Condisline Prime</span>                        </a>                                                        </div>        <img class="article_image" alt="PALITOS SNATT'S OLIVAS Y SÉSAMO 60 G" data-original="//static.condisline.com/resize_190x200/images/catalog/large/216123.jpg" src="//static.condisline.com/resize_190x200/images/catalog/large/216123.jpg" width="190" height="200" style="display: block;">        <meta itemprop="image" content="//static.condisline.com/resize_190x200/images/catalog/large/216123.jpg">        <div class="article_price_container" itemprop="offers" itemscope="" itemtype="http://schema.org/Offer">            <!-- Price -->                                            <span class="article_price" itemprop="price"><span id="list_price_216123">1,12</span></span>                <span class="currency">€</span>                <script>                    formatNumber('1.12', 'list_price_216123');                </script>                        <meta itemprop="priceCurrency" content="EUR">            <div class="unit_container">                                    <a class="substract_button" title="Menos" href="javascript:void(0);">-</a>                                <label class="quantity_container">                                                                        <input class="input_quantity_product" id="item_quantity_216123" type="number" data-product="216123" value="" min="1" max="999" required="" autocomplete="off">                                                            </label>                                    <a class="add_button" title="Más" href="javascript:void(0);">+</a>                    <a class="added_tick" title="Cambiar unidades" href="javascript:void(0);"></a>                            </div>                                                <div class="article_pum">                        <span>     18,67€/Kilo</span>                    </div>                                                                            <a data-product-id="216123" class="orange_button btn_add2cart" title="Añadir al carrito" onclick="dataLayer.push({event: 'event_gtm',category:'acciones usuario', action:'a�adir producto desde listado'})" href="javascript:addToCartFromItemList('216123')">AÑADIR AL CARRITO &gt;</a>                                        <span class="added_button">En carrito</span>                                    <a class="white_button" title="Añadir a mi lista" href="javascript:addToListFromItemList('216123')" onclick="dataLayer.push({event: 'event_gtm',category:'acciones usuario', action:'a�adir producto a lista'});">Añadir a mi lista</a>                                </div>                    <a class="article_link" title="Ver ficha de PALITOS SNATT'S OLIVAS Y SÉSAMO 60 G" href="/PALITOS-SNATT-S-OLIVAS-Y-SESAMO-60-G_216123_prd_es_ES.jsp" onclick="javascript:callingTaggingEnpoints('')" itemprop="url"></a>                <div class="hover_container">            <div class="hover">                <div class="info_symbol"></div>            </div>        </div>                    </article>            </li>        <!--    </ul> --><!--    <ul id="carousel_articles" class="articles_list" itemscope="" itemtype="http://schema.org/ItemList"> -->                    <li class="article" itemprop="itemListElement" itemscope="" itemtype="http://schema.org/Product">                    <article class="article_container" id="item_description_211803">            <a class="article_name" title="Ver ficha de GRISINES LA RÚSTICA INTEGRALES 50 G" href="/GRISINES-LA-RUSTICA-INTEGRALES-50-G_211803_prd_es_ES.jsp" itemprop="url"><span itemprop="name" id="description_text">GRISINES LA RÚSTICA INTEGRALES 50 G</span></a>            <!--informacion de gluten y calorias -->        <div class="info_container">                                                            <img class="info_icon" alt="10% Descuento para suscriptores Condisline Prime" src="//static.condisline.com/resize_39x39/images/product_icons/icon_subscription.png" width="39" height="39">                                            <a class="info" title="10% Descuento para suscriptores Condisline Prime" href="javascript:void(0);">                            <span class="info_text">10% Descuento para suscriptores Condisline Prime</span>                        </a>                                                        </div>        <img class="article_image" alt="GRISINES LA RÚSTICA INTEGRALES 50 G" data-original="//static.condisline.com/resize_190x200/images/catalog/large/211803.jpg" src="//static.condisline.com/resize_190x200/images/catalog/large/211803.jpg" width="190" height="200" style="display: block;">        <meta itemprop="image" content="//static.condisline.com/resize_190x200/images/catalog/large/211803.jpg">        <div class="article_price_container" itemprop="offers" itemscope="" itemtype="http://schema.org/Offer">            <!-- Price -->                                            <span class="article_price" itemprop="price"><span id="list_price_211803">1,03</span></span>                <span class="currency">€</span>                <script>                    formatNumber('1.03', 'list_price_211803');                </script>                        <meta itemprop="priceCurrency" content="EUR">            <div class="unit_container">                                    <a class="substract_button" title="Menos" href="javascript:void(0);">-</a>                                <label class="quantity_container">                                                                        <input class="input_quantity_product" id="item_quantity_211803" type="number" data-product="211803" value="" min="1" max="999" required="" autocomplete="off">                                                            </label>                                    <a class="add_button" title="Más" href="javascript:void(0);">+</a>                    <a class="added_tick" title="Cambiar unidades" href="javascript:void(0);"></a>                            </div>                                                <div class="article_pum">                        <span>     20,60€/Kilo</span>                    </div>                                                                            <a data-product-id="211803" class="orange_button btn_add2cart" title="Añadir al carrito" onclick="dataLayer.push({event: 'event_gtm',category:'acciones usuario', action:'a�adir producto desde listado'})" href="javascript:addToCartFromItemList('211803')">AÑADIR AL CARRITO &gt;</a>                                        <span class="added_button">En carrito</span>                                    <a class="white_button" title="Añadir a mi lista" href="javascript:addToListFromItemList('211803')" onclick="dataLayer.push({event: 'event_gtm',category:'acciones usuario', action:'a�adir producto a lista'});">Añadir a mi lista</a>                                </div>                    <a class="article_link" title="Ver ficha de GRISINES LA RÚSTICA INTEGRALES 50 G" href="/GRISINES-LA-RUSTICA-INTEGRALES-50-G_211803_prd_es_ES.jsp" onclick="javascript:callingTaggingEnpoints('')" itemprop="url"></a>                <div class="hover_container">            <div class="hover">                <div class="info_symbol"></div>            </div>        </div>                    </article>            </li>                    <li class="article" itemprop="itemListElement" itemscope="" itemtype="http://schema.org/Product">                    <article class="article_container" id="item_description_211006">            <a class="article_name" title="Ver ficha de BOCATAS BIMBO MAXI BURGER 4 UNIDADES" href="/BOCATAS-BIMBO-MAXI-BURGER-4-UNIDADES_211006_prd_es_ES.jsp" itemprop="url"><span itemprop="name" id="description_text">BOCATAS BIMBO MAXI BURGER 4 UNIDADES</span></a>            <!--informacion de gluten y calorias -->        <div class="info_container">                            <span class="calories">267 <span>kcal</span></span>                <a class="info" title="Producto con 267 kilocalorías" href="javascript:void(0);">                    <span class="info_text">Producto con 267 kilocalorías.</span>                </a>                                                            <img class="info_icon" alt="10% Descuento para suscriptores Condisline Prime" src="//static.condisline.com/resize_39x39/images/product_icons/icon_subscription.png" width="39" height="39">                                            <a class="info" title="10% Descuento para suscriptores Condisline Prime" href="javascript:void(0);">                            <span class="info_text">10% Descuento para suscriptores Condisline Prime</span>                        </a>                                                        </div>        <img class="article_image" alt="BOCATAS BIMBO MAXI BURGER 4 UNIDADES" data-original="//static.condisline.com/resize_190x200/images/catalog/large/211006.jpg" src="//static.condisline.com/resize_190x200/images/catalog/large/211006.jpg" width="190" height="200" style="display: block;">        <meta itemprop="image" content="//static.condisline.com/resize_190x200/images/catalog/large/211006.jpg">        <div class="article_price_container" itemprop="offers" itemscope="" itemtype="http://schema.org/Offer">            <!-- Price -->                                            <span class="article_price" itemprop="price"><span id="list_price_211006">2,16</span></span>                <span class="currency">€</span>                <script>                    formatNumber('2.16', 'list_price_211006');                </script>                        <meta itemprop="priceCurrency" content="EUR">            <div class="unit_container">                                    <a class="substract_button" title="Menos" href="javascript:void(0);">-</a>                                <label class="quantity_container">                                                                        <input class="input_quantity_product" id="item_quantity_211006" type="number" data-product="211006" value="" min="1" max="999" required="" autocomplete="off">                                                            </label>                                    <a class="add_button" title="Más" href="javascript:void(0);">+</a>                    <a class="added_tick" title="Cambiar unidades" href="javascript:void(0);"></a>                            </div>                                                <div class="article_pum">                        <span>      7,45€/Kilo</span>                    </div>                                                                            <a data-product-id="211006" class="orange_button btn_add2cart" title="Añadir al carrito" onclick="dataLayer.push({event: 'event_gtm',category:'acciones usuario', action:'a�adir producto desde listado'})" href="javascript:addToCartFromItemList('211006')">AÑADIR AL CARRITO &gt;</a>                                        <span class="added_button">En carrito</span>                                    <a class="white_button" title="Añadir a mi lista" href="javascript:addToListFromItemList('211006')" onclick="dataLayer.push({event: 'event_gtm',category:'acciones usuario', action:'a�adir producto a lista'});">Añadir a mi lista</a>                                </div>                    <a class="article_link" title="Ver ficha de BOCATAS BIMBO MAXI BURGER 4 UNIDADES" href="/BOCATAS-BIMBO-MAXI-BURGER-4-UNIDADES_211006_prd_es_ES.jsp" onclick="javascript:callingTaggingEnpoints('')" itemprop="url"></a>                <div class="hover_container">            <div class="hover">                <div class="info_symbol"></div>            </div>        </div>                    </article>            </li>                    <li class="article" itemprop="itemListElement" itemscope="" itemtype="http://schema.org/Product">                    <article class="article_container" id="item_description_118032">            <a class="article_name" title="Ver ficha de HARINA GALLO REPOSTERÍA 1 KG" href="/HARINA-GALLO-REPOSTERIA-1-KG_118032_prd_es_ES.jsp" itemprop="url"><span itemprop="name" id="description_text">HARINA GALLO REPOSTERÍA 1 KG</span></a>            <!--informacion de gluten y calorias -->        <div class="info_container">                            <span class="calories">363 <span>kcal</span></span>                <a class="info" title="Producto con 363 kilocalorías" href="javascript:void(0);">                    <span class="info_text">Producto con 363 kilocalorías.</span>                </a>                                                            <img class="info_icon" alt="10% Descuento para suscriptores Condisline Prime" src="//static.condisline.com/resize_39x39/images/product_icons/icon_subscription.png" width="39" height="39">                                            <a class="info" title="10% Descuento para suscriptores Condisline Prime" href="javascript:void(0);">                            <span class="info_text">10% Descuento para suscriptores Condisline Prime</span>                        </a>                                                        </div>        <img class="article_image" alt="HARINA GALLO REPOSTERÍA 1 KG" data-original="//static.condisline.com/resize_190x200/images/catalog/large/118032.jpg" src="//static.condisline.com/resize_190x200/images/catalog/large/118032.jpg" width="190" height="200" style="display: block;">        <meta itemprop="image" content="//static.condisline.com/resize_190x200/images/catalog/large/118032.jpg">        <div class="article_price_container" itemprop="offers" itemscope="" itemtype="http://schema.org/Offer">            <!-- Price -->                                            <span class="article_price" itemprop="price"><span id="list_price_118032">1,69</span></span>                <span class="currency">€</span>                <script>                    formatNumber('1.69', 'list_price_118032');                </script>                        <meta itemprop="priceCurrency" content="EUR">            <div class="unit_container">                                    <a class="substract_button" title="Menos" href="javascript:void(0);">-</a>                                <label class="quantity_container">                                                                        <input class="input_quantity_product" id="item_quantity_118032" type="number" data-product="118032" value="" min="1" max="999" required="" autocomplete="off">                                                            </label>                                    <a class="add_button" title="Más" href="javascript:void(0);">+</a>                    <a class="added_tick" title="Cambiar unidades" href="javascript:void(0);"></a>                            </div>                                                <div class="article_pum">                        <span>      1,69€/Kilo</span>                    </div>                                                                            <a data-product-id="118032" class="orange_button btn_add2cart" title="Añadir al carrito" onclick="dataLayer.push({event: 'event_gtm',category:'acciones usuario', action:'a�adir producto desde listado'})" href="javascript:addToCartFromItemList('118032')">AÑADIR AL CARRITO &gt;</a>                                        <span class="added_button">En carrito</span>                                    <a class="white_button" title="Añadir a mi lista" href="javascript:addToListFromItemList('118032')" onclick="dataLayer.push({event: 'event_gtm',category:'acciones usuario', action:'a�adir producto a lista'});">Añadir a mi lista</a>                                </div>                    <a class="article_link" title="Ver ficha de HARINA GALLO REPOSTERÍA 1 KG" href="/HARINA-GALLO-REPOSTERIA-1-KG_118032_prd_es_ES.jsp" onclick="javascript:callingTaggingEnpoints('')" itemprop="url"></a>                <div class="hover_container">            <div class="hover">                <div class="info_symbol"></div>            </div>        </div>                    </article>            </li>                    <li class="article" itemprop="itemListElement" itemscope="" itemtype="http://schema.org/Product">                    <article class="article_container" id="item_description_216970">            <a class="article_name" title="Ver ficha de DIMANTES LA RÚSTICA DE ESPELTA 130 G" href="/DIMANTES-LA-RUSTICA-DE-ESPELTA-130-G_216970_prd_es_ES.jsp" itemprop="url"><span itemprop="name" id="description_text">DIMANTES LA RÚSTICA DE ESPELTA 130 G</span></a>            <!--informacion de gluten y calorias -->        <div class="info_container">                                                            <img class="info_icon" alt="10% Descuento para suscriptores Condisline Prime" src="//static.condisline.com/resize_39x39/images/product_icons/icon_subscription.png" width="39" height="39">                                            <a class="info" title="10% Descuento para suscriptores Condisline Prime" href="javascript:void(0);">                            <span class="info_text">10% Descuento para suscriptores Condisline Prime</span>                        </a>                                                        </div>        <img class="article_image" alt="DIMANTES LA RÚSTICA DE ESPELTA 130 G" data-original="//static.condisline.com/resize_190x200/images/catalog/large/216970.jpg" src="//static.condisline.com/resize_190x200/images/catalog/large/216970.jpg" width="190" height="200" style="display: block;">        <meta itemprop="image" content="//static.condisline.com/resize_190x200/images/catalog/large/216970.jpg">        <div class="article_price_container" itemprop="offers" itemscope="" itemtype="http://schema.org/Offer">            <!-- Price -->                                            <span class="article_price" itemprop="price"><span id="list_price_216970">1,37</span></span>                <span class="currency">€</span>                <script>                    formatNumber('1.37', 'list_price_216970');                </script>                        <meta itemprop="priceCurrency" content="EUR">            <div class="unit_container">                                    <a class="substract_button" title="Menos" href="javascript:void(0);">-</a>                                <label class="quantity_container">                                                                        <input class="input_quantity_product" id="item_quantity_216970" type="number" data-product="216970" value="" min="1" max="999" required="" autocomplete="off">                                                            </label>                                    <a class="add_button" title="Más" href="javascript:void(0);">+</a>                    <a class="added_tick" title="Cambiar unidades" href="javascript:void(0);"></a>                            </div>                                                <div class="article_pum">                        <span>     10,54€/Kilo</span>                    </div>                                                                            <a data-product-id="216970" class="orange_button btn_add2cart" title="Añadir al carrito" onclick="dataLayer.push({event: 'event_gtm',category:'acciones usuario', action:'a�adir producto desde listado'})" href="javascript:addToCartFromItemList('216970')">AÑADIR AL CARRITO &gt;</a>                                        <span class="added_button">En carrito</span>                                    <a class="white_button" title="Añadir a mi lista" href="javascript:addToListFromItemList('216970')" onclick="dataLayer.push({event: 'event_gtm',category:'acciones usuario', action:'a�adir producto a lista'});">Añadir a mi lista</a>                                </div>                    <a class="article_link" title="Ver ficha de DIMANTES LA RÚSTICA DE ESPELTA 130 G" href="/DIMANTES-LA-RUSTICA-DE-ESPELTA-130-G_216970_prd_es_ES.jsp" onclick="javascript:callingTaggingEnpoints('')" itemprop="url"></a>                <div class="hover_container">            <div class="hover">                <div class="info_symbol"></div>            </div>        </div>                    </article>            </li>                    <li class="article" itemprop="itemListElement" itemscope="" itemtype="http://schema.org/Product">                    <article class="article_container" id="item_description_211072">            <a class="article_name" title="Ver ficha de PAN MOLDE SILUETA 8 CEREALES 600 G" href="/PAN-MOLDE-SILUETA-8-CEREALES-600-G_211072_prd_es_ES.jsp" itemprop="url"><span itemprop="name" id="description_text">PAN MOLDE SILUETA 8 CEREALES 600 G</span></a>            <!--informacion de gluten y calorias -->        <div class="info_container">                            <span class="calories">249 <span>kcal</span></span>                <a class="info" title="Producto con 249 kilocalorías" href="javascript:void(0);">                    <span class="info_text">Producto con 249 kilocalorías.</span>                </a>                                                            <img class="info_icon" alt="10% Descuento para suscriptores Condisline Prime" src="//static.condisline.com/resize_39x39/images/product_icons/icon_subscription.png" width="39" height="39">                                            <a class="info" title="10% Descuento para suscriptores Condisline Prime" href="javascript:void(0);">                            <span class="info_text">10% Descuento para suscriptores Condisline Prime</span>                        </a>                                                        </div>        <img class="article_image" alt="PAN MOLDE SILUETA 8 CEREALES 600 G" data-original="//static.condisline.com/resize_190x200/images/catalog/large/211072.jpg" src="//static.condisline.com/resize_190x200/images/catalog/large/211072.jpg" width="190" height="200" style="display: block;">        <meta itemprop="image" content="//static.condisline.com/resize_190x200/images/catalog/large/211072.jpg">        <div class="article_price_container" itemprop="offers" itemscope="" itemtype="http://schema.org/Offer">            <!-- Price -->                                            <span class="article_price" itemprop="price"><span id="list_price_211072">2,73</span></span>                <span class="currency">€</span>                <script>                    formatNumber('2.73', 'list_price_211072');                </script>                        <meta itemprop="priceCurrency" content="EUR">            <div class="unit_container">                                    <a class="substract_button" title="Menos" href="javascript:void(0);">-</a>                                <label class="quantity_container">                                                                        <input class="input_quantity_product" id="item_quantity_211072" type="number" data-product="211072" value="" min="1" max="999" required="" autocomplete="off">                                                            </label>                                    <a class="add_button" title="Más" href="javascript:void(0);">+</a>                    <a class="added_tick" title="Cambiar unidades" href="javascript:void(0);"></a>                            </div>                                                <div class="article_pum">                        <span>      4,55€/Kilo</span>                    </div>                                                                            <a data-product-id="211072" class="orange_button btn_add2cart" title="Añadir al carrito" onclick="dataLayer.push({event: 'event_gtm',category:'acciones usuario', action:'a�adir producto desde listado'})" href="javascript:addToCartFromItemList('211072')">AÑADIR AL CARRITO &gt;</a>                                        <span class="added_button">En carrito</span>                                    <a class="white_button" title="Añadir a mi lista" href="javascript:addToListFromItemList('211072')" onclick="dataLayer.push({event: 'event_gtm',category:'acciones usuario', action:'a�adir producto a lista'});">Añadir a mi lista</a>                                </div>                    <a class="article_link" title="Ver ficha de PAN MOLDE SILUETA 8 CEREALES 600 G" href="/PAN-MOLDE-SILUETA-8-CEREALES-600-G_211072_prd_es_ES.jsp" onclick="javascript:callingTaggingEnpoints('')" itemprop="url"></a>                <div class="hover_container">            <div class="hover">                <div class="info_symbol"></div>            </div>        </div>                    </article>            </li>                    <li class="article" itemprop="itemListElement" itemscope="" itemtype="http://schema.org/Product">                    <article class="article_container" id="item_description_211791">            <a class="article_name" title="Ver ficha de PAN TOSTADO FINA AJO &amp; PEREJIL 160 G" href="/PAN-TOSTADO-FINA-AJO-PEREJIL-160-G_211791_prd_es_ES.jsp" itemprop="url"><span itemprop="name" id="description_text">PAN TOSTADO FINA AJO &amp; PEREJIL 160 G</span></a>            <!--informacion de gluten y calorias -->        <div class="info_container">                                                            <img class="info_icon" alt="10% Descuento para suscriptores Condisline Prime" src="//static.condisline.com/resize_39x39/images/product_icons/icon_subscription.png" width="39" height="39">                                            <a class="info" title="10% Descuento para suscriptores Condisline Prime" href="javascript:void(0);">                            <span class="info_text">10% Descuento para suscriptores Condisline Prime</span>                        </a>                                                        </div>        <img class="article_image" alt="PAN TOSTADO FINA AJO &amp; PEREJIL 160 G" data-original="//static.condisline.com/resize_190x200/images/catalog/large/211791.jpg" src="//static.condisline.com/resize_190x200/images/catalog/large/211791.jpg" width="190" height="200" style="display: block;">        <meta itemprop="image" content="//static.condisline.com/resize_190x200/images/catalog/large/211791.jpg">        <div class="article_price_container" itemprop="offers" itemscope="" itemtype="http://schema.org/Offer">            <!-- Price -->                                            <span class="article_price" itemprop="price"><span id="list_price_211791">1,00</span></span>                <span class="currency">€</span>                <script>                    formatNumber('1', 'list_price_211791');                </script>                        <meta itemprop="priceCurrency" content="EUR">            <div class="unit_container">                                    <a class="substract_button" title="Menos" href="javascript:void(0);">-</a>                                <label class="quantity_container">                                                                        <input class="input_quantity_product" id="item_quantity_211791" type="number" data-product="211791" value="" min="1" max="999" required="" autocomplete="off">                                                            </label>                                    <a class="add_button" title="Más" href="javascript:void(0);">+</a>                    <a class="added_tick" title="Cambiar unidades" href="javascript:void(0);"></a>                            </div>                                                <div class="article_pum">                        <span>      6,25€/Kilo</span>                    </div>                                                                            <a data-product-id="211791" class="orange_button btn_add2cart" title="Añadir al carrito" onclick="dataLayer.push({event: 'event_gtm',category:'acciones usuario', action:'a�adir producto desde listado'})" href="javascript:addToCartFromItemList('211791')">AÑADIR AL CARRITO &gt;</a>                                        <span class="added_button">En carrito</span>                                    <a class="white_button" title="Añadir a mi lista" href="javascript:addToListFromItemList('211791')" onclick="dataLayer.push({event: 'event_gtm',category:'acciones usuario', action:'a�adir producto a lista'});">Añadir a mi lista</a>                                </div>                    <a class="article_link" title="Ver ficha de PAN TOSTADO FINA AJO &amp; PEREJIL 160 G" href="/PAN-TOSTADO-FINA-AJO-PEREJIL-160-G_211791_prd_es_ES.jsp" onclick="javascript:callingTaggingEnpoints('')" itemprop="url"></a>                <div class="hover_container">            <div class="hover">                <div class="info_symbol"></div>            </div>        </div>                    </article>            </li>                    <li class="article" itemprop="itemListElement" itemscope="" itemtype="http://schema.org/Product">                    <article class="article_container" id="item_description_211788">            <a class="article_name" title="Ver ficha de SURTIDO MIX LA RÚSTICA 250 G" href="/SURTIDO-MIX-LA-RUSTICA-250-G_211788_prd_es_ES.jsp" itemprop="url"><span itemprop="name" id="description_text">SURTIDO MIX LA RÚSTICA 250 G</span></a>            <!--informacion de gluten y calorias -->        <div class="info_container">                                                            <img class="info_icon" alt="10% Descuento para suscriptores Condisline Prime" src="//static.condisline.com/resize_39x39/images/product_icons/icon_subscription.png" width="39" height="39">                                            <a class="info" title="10% Descuento para suscriptores Condisline Prime" href="javascript:void(0);">                            <span class="info_text">10% Descuento para suscriptores Condisline Prime</span>                        </a>                                                        </div>        <img class="article_image" alt="SURTIDO MIX LA RÚSTICA 250 G" data-original="//static.condisline.com/resize_190x200/images/catalog/large/211788.jpg" src="//static.condisline.com/resize_190x200/images/catalog/large/211788.jpg" width="190" height="200" style="display: block;">        <meta itemprop="image" content="//static.condisline.com/resize_190x200/images/catalog/large/211788.jpg">        <div class="article_price_container" itemprop="offers" itemscope="" itemtype="http://schema.org/Offer">            <!-- Price -->                                            <span class="article_price" itemprop="price"><span id="list_price_211788">1,25</span></span>                <span class="currency">€</span>                <script>                    formatNumber('1.25', 'list_price_211788');                </script>                        <meta itemprop="priceCurrency" content="EUR">            <div class="unit_container">                                    <a class="substract_button" title="Menos" href="javascript:void(0);">-</a>                                <label class="quantity_container">                                                                        <input class="input_quantity_product" id="item_quantity_211788" type="number" data-product="211788" value="" min="1" max="999" required="" autocomplete="off">                                                            </label>                                    <a class="add_button" title="Más" href="javascript:void(0);">+</a>                    <a class="added_tick" title="Cambiar unidades" href="javascript:void(0);"></a>                            </div>                                                <div class="article_pum">                        <span>      5,00€/Kilo</span>                    </div>                                                                            <a data-product-id="211788" class="orange_button btn_add2cart" title="Añadir al carrito" onclick="dataLayer.push({event: 'event_gtm',category:'acciones usuario', action:'a�adir producto desde listado'})" href="javascript:addToCartFromItemList('211788')">AÑADIR AL CARRITO &gt;</a>                                        <span class="added_button">En carrito</span>                                    <a class="white_button" title="Añadir a mi lista" href="javascript:addToListFromItemList('211788')" onclick="dataLayer.push({event: 'event_gtm',category:'acciones usuario', action:'a�adir producto a lista'});">Añadir a mi lista</a>                                </div>                    <a class="article_link" title="Ver ficha de SURTIDO MIX LA RÚSTICA 250 G" href="/SURTIDO-MIX-LA-RUSTICA-250-G_211788_prd_es_ES.jsp" onclick="javascript:callingTaggingEnpoints('')" itemprop="url"></a>                <div class="hover_container">            <div class="hover">                <div class="info_symbol"></div>            </div>        </div>                    </article>            </li>                    <li class="article" itemprop="itemListElement" itemscope="" itemtype="http://schema.org/Product">                    <article class="article_container" id="item_description_211473">            <a class="article_name" title="Ver ficha de MINI TOSTAS ORTIZ ARÁNDANOS 100 G" href="/MINI-TOSTAS-ORTIZ-ARANDANOS-100-G_211473_prd_es_ES.jsp" itemprop="url"><span itemprop="name" id="description_text">MINI TOSTAS ORTIZ ARÁNDANOS 100 G</span></a>            <!--informacion de gluten y calorias -->        <div class="info_container">                            <span class="calories">423 <span>kcal</span></span>                <a class="info" title="Producto con 423 kilocalorías" href="javascript:void(0);">                    <span class="info_text">Producto con 423 kilocalorías.</span>                </a>                                                            <img class="info_icon" alt="10% Descuento para suscriptores Condisline Prime" src="//static.condisline.com/resize_39x39/images/product_icons/icon_subscription.png" width="39" height="39">                                            <a class="info" title="10% Descuento para suscriptores Condisline Prime" href="javascript:void(0);">                            <span class="info_text">10% Descuento para suscriptores Condisline Prime</span>                        </a>                                                        </div>        <img class="article_image" alt="MINI TOSTAS ORTIZ ARÁNDANOS 100 G" data-original="//static.condisline.com/resize_190x200/images/catalog/large/211473.jpg" src="//static.condisline.com/resize_190x200/images/catalog/large/211473.jpg" width="190" height="200" style="display: block;">        <meta itemprop="image" content="//static.condisline.com/resize_190x200/images/catalog/large/211473.jpg">        <div class="article_price_container" itemprop="offers" itemscope="" itemtype="http://schema.org/Offer">            <!-- Price -->                                            <span class="article_price" itemprop="price"><span id="list_price_211473">1,88</span></span>                <span class="currency">€</span>                <script>                    formatNumber('1.88', 'list_price_211473');                </script>                        <meta itemprop="priceCurrency" content="EUR">            <div class="unit_container">                                    <a class="substract_button" title="Menos" href="javascript:void(0);">-</a>                                <label class="quantity_container">                                                                        <input class="input_quantity_product" id="item_quantity_211473" type="number" data-product="211473" value="" min="1" max="999" required="" autocomplete="off">                                                            </label>                                    <a class="add_button" title="Más" href="javascript:void(0);">+</a>                    <a class="added_tick" title="Cambiar unidades" href="javascript:void(0);"></a>                            </div>                                                <div class="article_pum">                        <span>     18,80€/Kilo</span>                    </div>                                                                            <a data-product-id="211473" class="orange_button btn_add2cart" title="Añadir al carrito" onclick="dataLayer.push({event: 'event_gtm',category:'acciones usuario', action:'a�adir producto desde listado'})" href="javascript:addToCartFromItemList('211473')">AÑADIR AL CARRITO &gt;</a>                                        <span class="added_button">En carrito</span>                                    <a class="white_button" title="Añadir a mi lista" href="javascript:addToListFromItemList('211473')" onclick="dataLayer.push({event: 'event_gtm',category:'acciones usuario', action:'a�adir producto a lista'});">Añadir a mi lista</a>                                </div>                    <a class="article_link" title="Ver ficha de MINI TOSTAS ORTIZ ARÁNDANOS 100 G" href="/MINI-TOSTAS-ORTIZ-ARANDANOS-100-G_211473_prd_es_ES.jsp" onclick="javascript:callingTaggingEnpoints('')" itemprop="url"></a>                <div class="hover_container">            <div class="hover">                <div class="info_symbol"></div>            </div>        </div>                    </article>            </li>                    <li class="article" itemprop="itemListElement" itemscope="" itemtype="http://schema.org/Product">                    <article class="article_container" id="item_description_122138">            <a class="article_name" title="Ver ficha de OBLEA BUITONI ARGENTINA 350 G" href="/OBLEA-BUITONI-ARGENTINA-350-G_122138_prd_es_ES.jsp" itemprop="url"><span itemprop="name" id="description_text">OBLEA BUITONI ARGENTINA 350 G</span></a>            <!--informacion de gluten y calorias -->        <div class="info_container">                            <span class="calories">342 <span>kcal</span></span>                <a class="info" title="Producto con 342 kilocalorías" href="javascript:void(0);">                    <span class="info_text">Producto con 342 kilocalorías.</span>                </a>                                                            <img class="info_icon" alt="10% Descuento para suscriptores Condisline Prime" src="//static.condisline.com/resize_39x39/images/product_icons/icon_subscription.png" width="39" height="39">                                            <a class="info" title="10% Descuento para suscriptores Condisline Prime" href="javascript:void(0);">                            <span class="info_text">10% Descuento para suscriptores Condisline Prime</span>                        </a>                                                        </div>        <img class="article_image" alt="OBLEA BUITONI ARGENTINA 350 G" data-original="//static.condisline.com/resize_190x200/images/catalog/large/122138.jpg" src="//static.condisline.com/resize_190x200/images/catalog/large/122138.jpg" width="190" height="200" style="display: block;">        <meta itemprop="image" content="//static.condisline.com/resize_190x200/images/catalog/large/122138.jpg">        <div class="article_price_container" itemprop="offers" itemscope="" itemtype="http://schema.org/Offer">            <!-- Price -->                                            <span class="article_price" itemprop="price"><span id="list_price_122138">2,32</span></span>                <span class="currency">€</span>                <script>                    formatNumber('2.32', 'list_price_122138');                </script>                        <meta itemprop="priceCurrency" content="EUR">            <div class="unit_container">                                    <a class="substract_button" title="Menos" href="javascript:void(0);">-</a>                                <label class="quantity_container">                                                                        <input class="input_quantity_product" id="item_quantity_122138" type="number" data-product="122138" value="" min="1" max="999" required="" autocomplete="off">                                                            </label>                                    <a class="add_button" title="Más" href="javascript:void(0);">+</a>                    <a class="added_tick" title="Cambiar unidades" href="javascript:void(0);"></a>                            </div>                                                <div class="article_pum">                        <span>      6,63€/Kilo</span>                    </div>                                                                            <a data-product-id="122138" class="orange_button btn_add2cart" title="Añadir al carrito" onclick="dataLayer.push({event: 'event_gtm',category:'acciones usuario', action:'a�adir producto desde listado'})" href="javascript:addToCartFromItemList('122138')">AÑADIR AL CARRITO &gt;</a>                                        <span class="added_button">En carrito</span>                                    <a class="white_button" title="Añadir a mi lista" href="javascript:addToListFromItemList('122138')" onclick="dataLayer.push({event: 'event_gtm',category:'acciones usuario', action:'a�adir producto a lista'});">Añadir a mi lista</a>                                </div>                    <a class="article_link" title="Ver ficha de OBLEA BUITONI ARGENTINA 350 G" href="/OBLEA-BUITONI-ARGENTINA-350-G_122138_prd_es_ES.jsp" onclick="javascript:callingTaggingEnpoints('')" itemprop="url"></a>                <div class="hover_container">            <div class="hover">                <div class="info_symbol"></div>            </div>        </div>                    </article>            </li>                    <li class="article" itemprop="itemListElement" itemscope="" itemtype="http://schema.org/Product">                    <article class="article_container" id="item_description_121383">            <a class="article_name" title="Ver ficha de MASA BUITONI PARA EMPANADA 280 G" href="/MASA-BUITONI-PARA-EMPANADA-280-G_121383_prd_es_ES.jsp" itemprop="url"><span itemprop="name" id="description_text">MASA BUITONI PARA EMPANADA 280 G</span></a>            <!--informacion de gluten y calorias -->        <div class="info_container">                            <span class="calories">387 <span>kcal</span></span>                <a class="info" title="Producto con 387 kilocalorías" href="javascript:void(0);">                    <span class="info_text">Producto con 387 kilocalorías.</span>                </a>                                                            <img class="info_icon" alt="10% Descuento para suscriptores Condisline Prime" src="//static.condisline.com/resize_39x39/images/product_icons/icon_subscription.png" width="39" height="39">                                            <a class="info" title="10% Descuento para suscriptores Condisline Prime" href="javascript:void(0);">                            <span class="info_text">10% Descuento para suscriptores Condisline Prime</span>                        </a>                                                        </div>        <img class="article_image" alt="MASA BUITONI PARA EMPANADA 280 G" data-original="//static.condisline.com/resize_190x200/images/catalog/large/121383.jpg" src="//static.condisline.com/resize_190x200/images/catalog/large/121383.jpg" width="190" height="200" style="display: block;">        <meta itemprop="image" content="//static.condisline.com/resize_190x200/images/catalog/large/121383.jpg">        <div class="article_price_container" itemprop="offers" itemscope="" itemtype="http://schema.org/Offer">            <!-- Price -->                                            <span class="article_price" itemprop="price"><span id="list_price_121383">2,89</span></span>                <span class="currency">€</span>                <script>                    formatNumber('2.89', 'list_price_121383');                </script>                        <meta itemprop="priceCurrency" content="EUR">            <div class="unit_container">                                    <a class="substract_button" title="Menos" href="javascript:void(0);">-</a>                                <label class="quantity_container">                                                                        <input class="input_quantity_product" id="item_quantity_121383" type="number" data-product="121383" value="" min="1" max="999" required="" autocomplete="off">                                                            </label>                                    <a class="add_button" title="Más" href="javascript:void(0);">+</a>                    <a class="added_tick" title="Cambiar unidades" href="javascript:void(0);"></a>                            </div>                                                <div class="article_pum">                        <span>     10,32€/Kilo</span>                    </div>                                                                            <a data-product-id="121383" class="orange_button btn_add2cart" title="Añadir al carrito" onclick="dataLayer.push({event: 'event_gtm',category:'acciones usuario', action:'a�adir producto desde listado'})" href="javascript:addToCartFromItemList('121383')">AÑADIR AL CARRITO &gt;</a>                                        <span class="added_button">En carrito</span>                                    <a class="white_button" title="Añadir a mi lista" href="javascript:addToListFromItemList('121383')" onclick="dataLayer.push({event: 'event_gtm',category:'acciones usuario', action:'a�adir producto a lista'});">Añadir a mi lista</a>                                </div>                    <a class="article_link" title="Ver ficha de MASA BUITONI PARA EMPANADA 280 G" href="/MASA-BUITONI-PARA-EMPANADA-280-G_121383_prd_es_ES.jsp" onclick="javascript:callingTaggingEnpoints('')" itemprop="url"></a>                <div class="hover_container">            <div class="hover">                <div class="info_symbol"></div>            </div>        </div>                    </article>            </li>                    <li class="article" itemprop="itemListElement" itemscope="" itemtype="http://schema.org/Product">                    <article class="article_container" id="item_description_120003">            <a class="article_name" title="Ver ficha de HARINA MAIZENA DE MAIZ 400 G" href="/HARINA-MAIZENA-DE-MAIZ-400-G_120003_prd_es_ES.jsp" itemprop="url"><span itemprop="name" id="description_text">HARINA MAIZENA DE MAIZ 400 G</span></a>            <!--informacion de gluten y calorias -->        <div class="info_container">                            <span class="calories">355 <span>kcal</span></span>                <a class="info" title="Producto con 355 kilocalorías" href="javascript:void(0);">                    <span class="info_text">Producto con 355 kilocalorías.</span>                </a>                                                            <img class="info_icon" alt="10% Descuento para suscriptores Condisline Prime" src="//static.condisline.com/resize_39x39/images/product_icons/icon_subscription.png" width="39" height="39">                                            <a class="info" title="10% Descuento para suscriptores Condisline Prime" href="javascript:void(0);">                            <span class="info_text">10% Descuento para suscriptores Condisline Prime</span>                        </a>                                                        </div>        <img class="article_image" alt="HARINA MAIZENA DE MAIZ 400 G" data-original="//static.condisline.com/resize_190x200/images/catalog/large/120003.jpg" src="//static.condisline.com/resize_190x200/images/catalog/large/120003.jpg" width="190" height="200" style="display: block;">        <meta itemprop="image" content="//static.condisline.com/resize_190x200/images/catalog/large/120003.jpg">        <div class="article_price_container" itemprop="offers" itemscope="" itemtype="http://schema.org/Offer">            <!-- Price -->                                            <span class="article_price" itemprop="price"><span id="list_price_120003">2,99</span></span>                <span class="currency">€</span>                <script>                    formatNumber('2.99', 'list_price_120003');                </script>                        <meta itemprop="priceCurrency" content="EUR">            <div class="unit_container">                                    <a class="substract_button" title="Menos" href="javascript:void(0);">-</a>                                <label class="quantity_container">                                                                        <input class="input_quantity_product" id="item_quantity_120003" type="number" data-product="120003" value="" min="1" max="999" required="" autocomplete="off">                                                            </label>                                    <a class="add_button" title="Más" href="javascript:void(0);">+</a>                    <a class="added_tick" title="Cambiar unidades" href="javascript:void(0);"></a>                            </div>                                                <div class="article_pum">                        <span>      7,48€/Kilo</span>                    </div>                                                                            <a data-product-id="120003" class="orange_button btn_add2cart" title="Añadir al carrito" onclick="dataLayer.push({event: 'event_gtm',category:'acciones usuario', action:'a�adir producto desde listado'})" href="javascript:addToCartFromItemList('120003')">AÑADIR AL CARRITO &gt;</a>                                        <span class="added_button">En carrito</span>                                    <a class="white_button" title="Añadir a mi lista" href="javascript:addToListFromItemList('120003')" onclick="dataLayer.push({event: 'event_gtm',category:'acciones usuario', action:'a�adir producto a lista'});">Añadir a mi lista</a>                                </div>                    <a class="article_link" title="Ver ficha de HARINA MAIZENA DE MAIZ 400 G" href="/HARINA-MAIZENA-DE-MAIZ-400-G_120003_prd_es_ES.jsp" onclick="javascript:callingTaggingEnpoints('')" itemprop="url"></a>                <div class="hover_container">            <div class="hover">                <div class="info_symbol"></div>            </div>        </div>                    </article>            </li>                    <li class="article" itemprop="itemListElement" itemscope="" itemtype="http://schema.org/Product">                    <article class="article_container" id="item_description_213192">            <a class="article_name" title="Ver ficha de BURGER BIMBO ARTESANO ORIGINAL 290 G" href="/BURGER-BIMBO-ARTESANO-ORIGINAL-290-G_213192_prd_es_ES.jsp" itemprop="url"><span itemprop="name" id="description_text">BURGER BIMBO ARTESANO ORIGINAL 290 G</span></a>            <!--informacion de gluten y calorias -->        <div class="info_container">                            <span class="calories">255 <span>kcal</span></span>                <a class="info" title="Producto con 255 kilocalorías" href="javascript:void(0);">                    <span class="info_text">Producto con 255 kilocalorías.</span>                </a>                                                            <img class="info_icon" alt="10% Descuento para suscriptores Condisline Prime" src="//static.condisline.com/resize_39x39/images/product_icons/icon_subscription.png" width="39" height="39">                                            <a class="info" title="10% Descuento para suscriptores Condisline Prime" href="javascript:void(0);">                            <span class="info_text">10% Descuento para suscriptores Condisline Prime</span>                        </a>                                                        </div>        <img class="article_image" alt="BURGER BIMBO ARTESANO ORIGINAL 290 G" data-original="//static.condisline.com/resize_190x200/images/catalog/large/213192.jpg" src="//static.condisline.com/resize_190x200/images/catalog/large/213192.jpg" width="190" height="200" style="display: block;">        <meta itemprop="image" content="//static.condisline.com/resize_190x200/images/catalog/large/213192.jpg">        <div class="article_price_container" itemprop="offers" itemscope="" itemtype="http://schema.org/Offer">            <!-- Price -->                                            <span class="article_price" itemprop="price"><span id="list_price_213192">2,34</span></span>                <span class="currency">€</span>                <script>                    formatNumber('2.34', 'list_price_213192');                </script>                        <meta itemprop="priceCurrency" content="EUR">            <div class="unit_container">                                    <a class="substract_button" title="Menos" href="javascript:void(0);">-</a>                                <label class="quantity_container">                                                                        <input class="input_quantity_product" id="item_quantity_213192" type="number" data-product="213192" value="" min="1" max="999" required="" autocomplete="off">                                                            </label>                                    <a class="add_button" title="Más" href="javascript:void(0);">+</a>                    <a class="added_tick" title="Cambiar unidades" href="javascript:void(0);"></a>                            </div>                                                <div class="article_pum">                        <span>      8,07€/Kilo</span>                    </div>                                                                            <a data-product-id="213192" class="orange_button btn_add2cart" title="Añadir al carrito" onclick="dataLayer.push({event: 'event_gtm',category:'acciones usuario', action:'a�adir producto desde listado'})" href="javascript:addToCartFromItemList('213192')">AÑADIR AL CARRITO &gt;</a>                                        <span class="added_button">En carrito</span>                                    <a class="white_button" title="Añadir a mi lista" href="javascript:addToListFromItemList('213192')" onclick="dataLayer.push({event: 'event_gtm',category:'acciones usuario', action:'a�adir producto a lista'});">Añadir a mi lista</a>                                </div>                    <a class="article_link" title="Ver ficha de BURGER BIMBO ARTESANO ORIGINAL 290 G" href="/BURGER-BIMBO-ARTESANO-ORIGINAL-290-G_213192_prd_es_ES.jsp" onclick="javascript:callingTaggingEnpoints('')" itemprop="url"></a>                <div class="hover_container">            <div class="hover">                <div class="info_symbol"></div>            </div>        </div>                    </article>            </li>                    <li class="article" itemprop="itemListElement" itemscope="" itemtype="http://schema.org/Product">                    <article class="article_container" id="item_description_211455">            <a class="article_name" title="Ver ficha de PAN BISCOTTES RECONDO MINI 120 G" href="/PAN-BISCOTTES-RECONDO-MINI-120-G_211455_prd_es_ES.jsp" itemprop="url"><span itemprop="name" id="description_text">PAN BISCOTTES RECONDO MINI 120 G</span></a>            <!--informacion de gluten y calorias -->        <div class="info_container">                            <span class="calories">396 <span>kcal</span></span>                <a class="info" title="Producto con 396 kilocalorías" href="javascript:void(0);">                    <span class="info_text">Producto con 396 kilocalorías.</span>                </a>                                                            <img class="info_icon" alt="10% Descuento para suscriptores Condisline Prime" src="//static.condisline.com/resize_39x39/images/product_icons/icon_subscription.png" width="39" height="39">                                            <a class="info" title="10% Descuento para suscriptores Condisline Prime" href="javascript:void(0);">                            <span class="info_text">10% Descuento para suscriptores Condisline Prime</span>                        </a>                                                        </div>        <img class="article_image" alt="PAN BISCOTTES RECONDO MINI 120 G" data-original="//static.condisline.com/resize_190x200/images/catalog/large/211455.jpg" src="//static.condisline.com/resize_190x200/images/catalog/large/211455.jpg" width="190" height="200" style="display: block;">        <meta itemprop="image" content="//static.condisline.com/resize_190x200/images/catalog/large/211455.jpg">        <div class="article_price_container" itemprop="offers" itemscope="" itemtype="http://schema.org/Offer">            <!-- Price -->                                            <span class="article_price" itemprop="price"><span id="list_price_211455">1,30</span></span>                <span class="currency">€</span>                <script>                    formatNumber('1.3', 'list_price_211455');                </script>                        <meta itemprop="priceCurrency" content="EUR">            <div class="unit_container">                                    <a class="substract_button" title="Menos" href="javascript:void(0);">-</a>                                <label class="quantity_container">                                                                        <input class="input_quantity_product" id="item_quantity_211455" type="number" data-product="211455" value="" min="1" max="999" required="" autocomplete="off">                                                            </label>                                    <a class="add_button" title="Más" href="javascript:void(0);">+</a>                    <a class="added_tick" title="Cambiar unidades" href="javascript:void(0);"></a>                            </div>                                                <div class="article_pum">                        <span>     10,83€/Kilo</span>                    </div>                                                                            <a data-product-id="211455" class="orange_button btn_add2cart" title="Añadir al carrito" onclick="dataLayer.push({event: 'event_gtm',category:'acciones usuario', action:'a�adir producto desde listado'})" href="javascript:addToCartFromItemList('211455')">AÑADIR AL CARRITO &gt;</a>                                        <span class="added_button">En carrito</span>                                    <a class="white_button" title="Añadir a mi lista" href="javascript:addToListFromItemList('211455')" onclick="dataLayer.push({event: 'event_gtm',category:'acciones usuario', action:'a�adir producto a lista'});">Añadir a mi lista</a>                                </div>                    <a class="article_link" title="Ver ficha de PAN BISCOTTES RECONDO MINI 120 G" href="/PAN-BISCOTTES-RECONDO-MINI-120-G_211455_prd_es_ES.jsp" onclick="javascript:callingTaggingEnpoints('')" itemprop="url"></a>                <div class="hover_container">            <div class="hover">                <div class="info_symbol"></div>            </div>        </div>                    </article>            </li>                    <li class="article" itemprop="itemListElement" itemscope="" itemtype="http://schema.org/Product">                    <article class="article_container" id="item_description_217007">            <a class="article_name" title="Ver ficha de BRIOCHE MONTES LAR BURGER 200 G" href="/BRIOCHE-MONTES-LAR-BURGER-200-G_217007_prd_es_ES.jsp" itemprop="url"><span itemprop="name" id="description_text">BRIOCHE MONTES LAR BURGER 200 G</span></a>            <!--informacion de gluten y calorias -->        <div class="info_container">                                                            <img class="info_icon" alt="10% Descuento para suscriptores Condisline Prime" src="//static.condisline.com/resize_39x39/images/product_icons/icon_subscription.png" width="39" height="39">                                            <a class="info" title="10% Descuento para suscriptores Condisline Prime" href="javascript:void(0);">                            <span class="info_text">10% Descuento para suscriptores Condisline Prime</span>                        </a>                                                        </div>        <img class="article_image" alt="BRIOCHE MONTES LAR BURGER 200 G" data-original="//static.condisline.com/resize_190x200/images/catalog/large/217007.jpg" src="//static.condisline.com/resize_190x200/images/catalog/large/217007.jpg" width="190" height="200" style="display: block;">        <meta itemprop="image" content="//static.condisline.com/resize_190x200/images/catalog/large/217007.jpg">        <div class="article_price_container" itemprop="offers" itemscope="" itemtype="http://schema.org/Offer">            <!-- Price -->                                            <span class="article_price" itemprop="price"><span id="list_price_217007">2,95</span></span>                <span class="currency">€</span>                <script>                    formatNumber('2.95', 'list_price_217007');                </script>                        <meta itemprop="priceCurrency" content="EUR">            <div class="unit_container">                                    <a class="substract_button" title="Menos" href="javascript:void(0);">-</a>                                <label class="quantity_container">                                                                        <input class="input_quantity_product" id="item_quantity_217007" type="number" data-product="217007" value="" min="1" max="999" required="" autocomplete="off">                                                            </label>                                    <a class="add_button" title="Más" href="javascript:void(0);">+</a>                    <a class="added_tick" title="Cambiar unidades" href="javascript:void(0);"></a>                            </div>                                                <div class="article_pum">                        <span>     14,75€/Kilo</span>                    </div>                                                                            <a data-product-id="217007" class="orange_button btn_add2cart" title="Añadir al carrito" onclick="dataLayer.push({event: 'event_gtm',category:'acciones usuario', action:'a�adir producto desde listado'})" href="javascript:addToCartFromItemList('217007')">AÑADIR AL CARRITO &gt;</a>                                        <span class="added_button">En carrito</span>                                    <a class="white_button" title="Añadir a mi lista" href="javascript:addToListFromItemList('217007')" onclick="dataLayer.push({event: 'event_gtm',category:'acciones usuario', action:'a�adir producto a lista'});">Añadir a mi lista</a>                                </div>                    <a class="article_link" title="Ver ficha de BRIOCHE MONTES LAR BURGER 200 G" href="/BRIOCHE-MONTES-LAR-BURGER-200-G_217007_prd_es_ES.jsp" onclick="javascript:callingTaggingEnpoints('')" itemprop="url"></a>                <div class="hover_container">            <div class="hover">                <div class="info_symbol"></div>            </div>        </div>                    </article>            </li>                    <li class="article" itemprop="itemListElement" itemscope="" itemtype="http://schema.org/Product">                    <article class="article_container" id="item_description_118016">            <a class="article_name" title="Ver ficha de HARINA HARIMSA FUERZA 1 KG" href="/HARINA-HARIMSA-FUERZA-1-KG_118016_prd_es_ES.jsp" itemprop="url"><span itemprop="name" id="description_text">HARINA HARIMSA FUERZA 1 KG</span></a>            <!--informacion de gluten y calorias -->        <div class="info_container">                            <span class="calories">351 <span>kcal</span></span>                <a class="info" title="Producto con 351 kilocalorías" href="javascript:void(0);">                    <span class="info_text">Producto con 351 kilocalorías.</span>                </a>                                                            <img class="info_icon" alt="10% Descuento para suscriptores Condisline Prime" src="//static.condisline.com/resize_39x39/images/product_icons/icon_subscription.png" width="39" height="39">                                            <a class="info" title="10% Descuento para suscriptores Condisline Prime" href="javascript:void(0);">                            <span class="info_text">10% Descuento para suscriptores Condisline Prime</span>                        </a>                                                        </div>        <img class="article_image" alt="HARINA HARIMSA FUERZA 1 KG" data-original="//static.condisline.com/resize_190x200/images/catalog/large/118016.jpg" src="//static.condisline.com/resize_190x200/images/catalog/large/118016.jpg" width="190" height="200" style="display: block;">        <meta itemprop="image" content="//static.condisline.com/resize_190x200/images/catalog/large/118016.jpg">        <div class="article_price_container" itemprop="offers" itemscope="" itemtype="http://schema.org/Offer">            <!-- Price -->                                            <span class="article_price" itemprop="price"><span id="list_price_118016">1,79</span></span>                <span class="currency">€</span>                <script>                    formatNumber('1.79', 'list_price_118016');                </script>                        <meta itemprop="priceCurrency" content="EUR">            <div class="unit_container">                                    <a class="substract_button" title="Menos" href="javascript:void(0);">-</a>                                <label class="quantity_container">                                                                        <input class="input_quantity_product" id="item_quantity_118016" type="number" data-product="118016" value="" min="1" max="999" required="" autocomplete="off">                                                            </label>                                    <a class="add_button" title="Más" href="javascript:void(0);">+</a>                    <a class="added_tick" title="Cambiar unidades" href="javascript:void(0);"></a>                            </div>                                                <div class="article_pum">                        <span>      1,79€/Kilo</span>                    </div>                                                                            <a data-product-id="118016" class="orange_button btn_add2cart" title="Añadir al carrito" onclick="dataLayer.push({event: 'event_gtm',category:'acciones usuario', action:'a�adir producto desde listado'})" href="javascript:addToCartFromItemList('118016')">AÑADIR AL CARRITO &gt;</a>                                        <span class="added_button">En carrito</span>                                    <a class="white_button" title="Añadir a mi lista" href="javascript:addToListFromItemList('118016')" onclick="dataLayer.push({event: 'event_gtm',category:'acciones usuario', action:'a�adir producto a lista'});">Añadir a mi lista</a>                                </div>                    <a class="article_link" title="Ver ficha de HARINA HARIMSA FUERZA 1 KG" href="/HARINA-HARIMSA-FUERZA-1-KG_118016_prd_es_ES.jsp" onclick="javascript:callingTaggingEnpoints('')" itemprop="url"></a>                <div class="hover_container">            <div class="hover">                <div class="info_symbol"></div>            </div>        </div>                    </article>            </li>                    <li class="article" itemprop="itemListElement" itemscope="" itemtype="http://schema.org/Product">                    <article class="article_container" id="item_description_213116">            <a class="article_name" title="Ver ficha de BOCATAS BIMBO HOT DOG 4 UNIDADES" href="/BOCATAS-BIMBO-HOT-DOG-4-UNIDADES_213116_prd_es_ES.jsp" itemprop="url"><span itemprop="name" id="description_text">BOCATAS BIMBO HOT DOG 4 UNIDADES</span></a>            <!--informacion de gluten y calorias -->        <div class="info_container">                                                            <img class="info_icon" alt="10% Descuento para suscriptores Condisline Prime" src="//static.condisline.com/resize_39x39/images/product_icons/icon_subscription.png" width="39" height="39">                                            <a class="info" title="10% Descuento para suscriptores Condisline Prime" href="javascript:void(0);">                            <span class="info_text">10% Descuento para suscriptores Condisline Prime</span>                        </a>                                                        </div>        <img class="article_image" alt="BOCATAS BIMBO HOT DOG 4 UNIDADES" data-original="//static.condisline.com/resize_190x200/images/catalog/large/213116.jpg" src="//static.condisline.com/resize_190x200/images/catalog/large/213116.jpg" width="190" height="200" style="display: block;">        <meta itemprop="image" content="//static.condisline.com/resize_190x200/images/catalog/large/213116.jpg">        <div class="article_price_container" itemprop="offers" itemscope="" itemtype="http://schema.org/Offer">            <!-- Price -->                                            <span class="article_price" itemprop="price"><span id="list_price_213116">1,59</span></span>                <span class="currency">€</span>                <script>                    formatNumber('1.59', 'list_price_213116');                </script>                        <meta itemprop="priceCurrency" content="EUR">            <div class="unit_container">                                    <a class="substract_button" title="Menos" href="javascript:void(0);">-</a>                                <label class="quantity_container">                                                                        <input class="input_quantity_product" id="item_quantity_213116" type="number" data-product="213116" value="" min="1" max="999" required="" autocomplete="off">                                                            </label>                                    <a class="add_button" title="Más" href="javascript:void(0);">+</a>                    <a class="added_tick" title="Cambiar unidades" href="javascript:void(0);"></a>                            </div>                                                <div class="article_pum">                        <span>      7,23€/Kilo</span>                    </div>                                                                            <a data-product-id="213116" class="orange_button btn_add2cart" title="Añadir al carrito" onclick="dataLayer.push({event: 'event_gtm',category:'acciones usuario', action:'a�adir producto desde listado'})" href="javascript:addToCartFromItemList('213116')">AÑADIR AL CARRITO &gt;</a>                                        <span class="added_button">En carrito</span>                                    <a class="white_button" title="Añadir a mi lista" href="javascript:addToListFromItemList('213116')" onclick="dataLayer.push({event: 'event_gtm',category:'acciones usuario', action:'a�adir producto a lista'});">Añadir a mi lista</a>                                </div>                    <a class="article_link" title="Ver ficha de BOCATAS BIMBO HOT DOG 4 UNIDADES" href="/BOCATAS-BIMBO-HOT-DOG-4-UNIDADES_213116_prd_es_ES.jsp" onclick="javascript:callingTaggingEnpoints('')" itemprop="url"></a>                <div class="hover_container">            <div class="hover">                <div class="info_symbol"></div>            </div>        </div>                    </article>            </li>                    <li class="article" itemprop="itemListElement" itemscope="" itemtype="http://schema.org/Product">                    <article class="article_container" id="item_description_181762">            <a class="article_name" title="Ver ficha de MASA CASA TARRADELLAS HOJALDRE 260 G" href="/MASA-CASA-TARRADELLAS-HOJALDRE-260-G_181762_prd_es_ES.jsp" itemprop="url"><span itemprop="name" id="description_text">MASA CASA TARRADELLAS HOJALDRE 260 G</span></a>            <!--informacion de gluten y calorias -->        <div class="info_container">                            <span class="calories">395 <span>kcal</span></span>                <a class="info" title="Producto con 395 kilocalorías" href="javascript:void(0);">                    <span class="info_text">Producto con 395 kilocalorías.</span>                </a>                                                            <img class="info_icon" alt="10% Descuento para suscriptores Condisline Prime" src="//static.condisline.com/resize_39x39/images/product_icons/icon_subscription.png" width="39" height="39">                                            <a class="info" title="10% Descuento para suscriptores Condisline Prime" href="javascript:void(0);">                            <span class="info_text">10% Descuento para suscriptores Condisline Prime</span>                        </a>                                                        </div>        <img class="article_image" alt="MASA CASA TARRADELLAS HOJALDRE 260 G" data-original="//static.condisline.com/resize_190x200/images/catalog/large/181762.jpg" src="//static.condisline.com/resize_190x200/images/catalog/large/181762.jpg" width="190" height="200" style="display: block;">        <meta itemprop="image" content="//static.condisline.com/resize_190x200/images/catalog/large/181762.jpg">        <div class="article_price_container" itemprop="offers" itemscope="" itemtype="http://schema.org/Offer">            <!-- Price -->                                            <span class="article_price" itemprop="price"><span id="list_price_181762">1,45</span></span>                <span class="currency">€</span>                <script>                    formatNumber('1.45', 'list_price_181762');                </script>                        <meta itemprop="priceCurrency" content="EUR">            <div class="unit_container">                                    <a class="substract_button" title="Menos" href="javascript:void(0);">-</a>                                <label class="quantity_container">                                                                        <input class="input_quantity_product" id="item_quantity_181762" type="number" data-product="181762" value="" min="1" max="999" required="" autocomplete="off">                                                            </label>                                    <a class="add_button" title="Más" href="javascript:void(0);">+</a>                    <a class="added_tick" title="Cambiar unidades" href="javascript:void(0);"></a>                            </div>                                                <div class="article_pum">                        <span>      5,58€/Kilo</span>                    </div>                                                                            <a data-product-id="181762" class="orange_button btn_add2cart" title="Añadir al carrito" onclick="dataLayer.push({event: 'event_gtm',category:'acciones usuario', action:'a�adir producto desde listado'})" href="javascript:addToCartFromItemList('181762')">AÑADIR AL CARRITO &gt;</a>                                        <span class="added_button">En carrito</span>                                    <a class="white_button" title="Añadir a mi lista" href="javascript:addToListFromItemList('181762')" onclick="dataLayer.push({event: 'event_gtm',category:'acciones usuario', action:'a�adir producto a lista'});">Añadir a mi lista</a>                                </div>                    <a class="article_link" title="Ver ficha de MASA CASA TARRADELLAS HOJALDRE 260 G" href="/MASA-CASA-TARRADELLAS-HOJALDRE-260-G_181762_prd_es_ES.jsp" onclick="javascript:callingTaggingEnpoints('')" itemprop="url"></a>                <div class="hover_container">            <div class="hover">                <div class="info_symbol"></div>            </div>        </div>                    </article>            </li>                    <li class="article" itemprop="itemListElement" itemscope="" itemtype="http://schema.org/Product">                    <article class="article_container" id="item_description_211805">            <a class="article_name" title="Ver ficha de PAN BIMBO ARTESANAL INTEGRAL 550 G" href="/PAN-BIMBO-ARTESANAL-INTEGRAL-550-G_211805_prd_es_ES.jsp" itemprop="url"><span itemprop="name" id="description_text">PAN BIMBO ARTESANAL INTEGRAL 550 G</span></a>            <!--informacion de gluten y calorias -->        <div class="info_container">                            <span class="calories">243 <span>kcal</span></span>                <a class="info" title="Producto con 243 kilocalorías" href="javascript:void(0);">                    <span class="info_text">Producto con 243 kilocalorías.</span>                </a>                                                            <img class="info_icon" alt="10% Descuento para suscriptores Condisline Prime" src="//static.condisline.com/resize_39x39/images/product_icons/icon_subscription.png" width="39" height="39">                                            <a class="info" title="10% Descuento para suscriptores Condisline Prime" href="javascript:void(0);">                            <span class="info_text">10% Descuento para suscriptores Condisline Prime</span>                        </a>                                                        </div>        <img class="article_image" alt="PAN BIMBO ARTESANAL INTEGRAL 550 G" data-original="//static.condisline.com/resize_190x200/images/catalog/large/211805.jpg" src="//static.condisline.com/resize_190x200/images/catalog/large/211805.jpg" width="190" height="200" style="display: block;">        <meta itemprop="image" content="//static.condisline.com/resize_190x200/images/catalog/large/211805.jpg">        <div class="article_price_container" itemprop="offers" itemscope="" itemtype="http://schema.org/Offer">            <!-- Price -->                                            <span class="article_price" itemprop="price"><span id="list_price_211805">2,81</span></span>                <span class="currency">€</span>                <script>                    formatNumber('2.81', 'list_price_211805');                </script>                        <meta itemprop="priceCurrency" content="EUR">            <div class="unit_container">                                    <a class="substract_button" title="Menos" href="javascript:void(0);">-</a>                                <label class="quantity_container">                                                                        <input class="input_quantity_product" id="item_quantity_211805" type="number" data-product="211805" value="" min="1" max="999" required="" autocomplete="off">                                                            </label>                                    <a class="add_button" title="Más" href="javascript:void(0);">+</a>                    <a class="added_tick" title="Cambiar unidades" href="javascript:void(0);"></a>                            </div>                                                <div class="article_pum">                        <span>      5,62€/Kilo</span>                    </div>                                                                            <a data-product-id="211805" class="orange_button btn_add2cart" title="Añadir al carrito" onclick="dataLayer.push({event: 'event_gtm',category:'acciones usuario', action:'a�adir producto desde listado'})" href="javascript:addToCartFromItemList('211805')">AÑADIR AL CARRITO &gt;</a>                                        <span class="added_button">En carrito</span>                                    <a class="white_button" title="Añadir a mi lista" href="javascript:addToListFromItemList('211805')" onclick="dataLayer.push({event: 'event_gtm',category:'acciones usuario', action:'a�adir producto a lista'});">Añadir a mi lista</a>                                </div>                    <a class="article_link" title="Ver ficha de PAN BIMBO ARTESANAL INTEGRAL 550 G" href="/PAN-BIMBO-ARTESANAL-INTEGRAL-550-G_211805_prd_es_ES.jsp" onclick="javascript:callingTaggingEnpoints('')" itemprop="url"></a>                <div class="hover_container">            <div class="hover">                <div class="info_symbol"></div>            </div>        </div>                    </article>            </li>                    <li class="article" itemprop="itemListElement" itemscope="" itemtype="http://schema.org/Product">                    <article class="article_container" id="item_description_211790">            <a class="article_name" title="Ver ficha de PAN TOSTADO FINA TOMATE &amp; ORÉGANO 160 G" href="/PAN-TOSTADO-FINA-TOMATE-OREGANO-160-G_211790_prd_es_ES.jsp" itemprop="url"><span itemprop="name" id="description_text">PAN TOSTADO FINA TOMATE &amp; ORÉGANO 160 G</span></a>            <!--informacion de gluten y calorias -->        <div class="info_container">                                                            <img class="info_icon" alt="10% Descuento para suscriptores Condisline Prime" src="//static.condisline.com/resize_39x39/images/product_icons/icon_subscription.png" width="39" height="39">                                            <a class="info" title="10% Descuento para suscriptores Condisline Prime" href="javascript:void(0);">                            <span class="info_text">10% Descuento para suscriptores Condisline Prime</span>                        </a>                                                        </div>        <img class="article_image" alt="PAN TOSTADO FINA TOMATE &amp; ORÉGANO 160 G" data-original="//static.condisline.com/resize_190x200/images/catalog/large/211790.jpg" src="//static.condisline.com/resize_190x200/images/catalog/large/211790.jpg" width="190" height="200" style="display: block;">        <meta itemprop="image" content="//static.condisline.com/resize_190x200/images/catalog/large/211790.jpg">        <div class="article_price_container" itemprop="offers" itemscope="" itemtype="http://schema.org/Offer">            <!-- Price -->                                            <span class="article_price" itemprop="price"><span id="list_price_211790">1,00</span></span>                <span class="currency">€</span>                <script>                    formatNumber('1', 'list_price_211790');                </script>                        <meta itemprop="priceCurrency" content="EUR">            <div class="unit_container">                                    <a class="substract_button" title="Menos" href="javascript:void(0);">-</a>                                <label class="quantity_container">                                                                        <input class="input_quantity_product" id="item_quantity_211790" type="number" data-product="211790" value="" min="1" max="999" required="" autocomplete="off">                                                            </label>                                    <a class="add_button" title="Más" href="javascript:void(0);">+</a>                    <a class="added_tick" title="Cambiar unidades" href="javascript:void(0);"></a>                            </div>                                                <div class="article_pum">                        <span>      6,25€/Kilo</span>                    </div>                                                                            <a data-product-id="211790" class="orange_button btn_add2cart" title="Añadir al carrito" onclick="dataLayer.push({event: 'event_gtm',category:'acciones usuario', action:'a�adir producto desde listado'})" href="javascript:addToCartFromItemList('211790')">AÑADIR AL CARRITO &gt;</a>                                        <span class="added_button">En carrito</span>                                    <a class="white_button" title="Añadir a mi lista" href="javascript:addToListFromItemList('211790')" onclick="dataLayer.push({event: 'event_gtm',category:'acciones usuario', action:'a�adir producto a lista'});">Añadir a mi lista</a>                                </div>                    <a class="article_link" title="Ver ficha de PAN TOSTADO FINA TOMATE &amp; ORÉGANO 160 G" href="/PAN-TOSTADO-FINA-TOMATE-OREGANO-160-G_211790_prd_es_ES.jsp" onclick="javascript:callingTaggingEnpoints('')" itemprop="url"></a>                <div class="hover_container">            <div class="hover">                <div class="info_symbol"></div>            </div>        </div>                    </article>            </li>                    <li class="article" itemprop="itemListElement" itemscope="" itemtype="http://schema.org/Product">                    <article class="article_container" id="item_description_211227">            <a class="article_name" title="Ver ficha de RAPIDITAS BIMBO WRAPS 6 UNIDADES" href="/RAPIDITAS-BIMBO-WRAPS-6-UNIDADES_211227_prd_es_ES.jsp" itemprop="url"><span itemprop="name" id="description_text">RAPIDITAS BIMBO WRAPS 6 UNIDADES</span></a>            <!--informacion de gluten y calorias -->        <div class="info_container">                            <span class="calories">303 <span>kcal</span></span>                <a class="info" title="Producto con 303 kilocalorías" href="javascript:void(0);">                    <span class="info_text">Producto con 303 kilocalorías.</span>                </a>                                                            <img class="info_icon" alt="10% Descuento para suscriptores Condisline Prime" src="//static.condisline.com/resize_39x39/images/product_icons/icon_subscription.png" width="39" height="39">                                            <a class="info" title="10% Descuento para suscriptores Condisline Prime" href="javascript:void(0);">                            <span class="info_text">10% Descuento para suscriptores Condisline Prime</span>                        </a>                                                        </div>        <img class="article_image" alt="RAPIDITAS BIMBO WRAPS 6 UNIDADES" data-original="//static.condisline.com/resize_190x200/images/catalog/large/211227.jpg" src="//static.condisline.com/resize_190x200/images/catalog/large/211227.jpg" width="190" height="200" style="display: block;">        <meta itemprop="image" content="//static.condisline.com/resize_190x200/images/catalog/large/211227.jpg">        <div class="article_price_container" itemprop="offers" itemscope="" itemtype="http://schema.org/Offer">            <!-- Price -->                                            <span class="article_price" itemprop="price"><span id="list_price_211227">2,17</span></span>                <span class="currency">€</span>                <script>                    formatNumber('2.17', 'list_price_211227');                </script>                        <meta itemprop="priceCurrency" content="EUR">            <div class="unit_container">                                    <a class="substract_button" title="Menos" href="javascript:void(0);">-</a>                                <label class="quantity_container">                                                                        <input class="input_quantity_product" id="item_quantity_211227" type="number" data-product="211227" value="" min="1" max="999" required="" autocomplete="off">                                                            </label>                                    <a class="add_button" title="Más" href="javascript:void(0);">+</a>                    <a class="added_tick" title="Cambiar unidades" href="javascript:void(0);"></a>                            </div>                                                <div class="article_pum">                        <span>      9,04€/Kilo</span>                    </div>                                                                            <a data-product-id="211227" class="orange_button btn_add2cart" title="Añadir al carrito" onclick="dataLayer.push({event: 'event_gtm',category:'acciones usuario', action:'a�adir producto desde listado'})" href="javascript:addToCartFromItemList('211227')">AÑADIR AL CARRITO &gt;</a>                                        <span class="added_button">En carrito</span>                                    <a class="white_button" title="Añadir a mi lista" href="javascript:addToListFromItemList('211227')" onclick="dataLayer.push({event: 'event_gtm',category:'acciones usuario', action:'a�adir producto a lista'});">Añadir a mi lista</a>                                </div>                    <a class="article_link" title="Ver ficha de RAPIDITAS BIMBO WRAPS 6 UNIDADES" href="/RAPIDITAS-BIMBO-WRAPS-6-UNIDADES_211227_prd_es_ES.jsp" onclick="javascript:callingTaggingEnpoints('')" itemprop="url"></a>                <div class="hover_container">            <div class="hover">                <div class="info_symbol"></div>            </div>        </div>                    </article>            </li>                    <li class="article" itemprop="itemListElement" itemscope="" itemtype="http://schema.org/Product">                    <article class="article_container" id="item_description_121125">            <a class="article_name" title="Ver ficha de HOJALDRE BUITONI REDONDO 230 G" href="/HOJALDRE-BUITONI-REDONDO-230-G_121125_prd_es_ES.jsp" itemprop="url"><span itemprop="name" id="description_text">HOJALDRE BUITONI REDONDO 230 G</span></a>            <!--informacion de gluten y calorias -->        <div class="info_container">                            <span class="calories">390 <span>kcal</span></span>                <a class="info" title="Producto con 390 kilocalorías" href="javascript:void(0);">                    <span class="info_text">Producto con 390 kilocalorías.</span>                </a>                                                            <img class="info_icon" alt="10% Descuento para suscriptores Condisline Prime" src="//static.condisline.com/resize_39x39/images/product_icons/icon_subscription.png" width="39" height="39">                                            <a class="info" title="10% Descuento para suscriptores Condisline Prime" href="javascript:void(0);">                            <span class="info_text">10% Descuento para suscriptores Condisline Prime</span>                        </a>                                                        </div>        <img class="article_image" alt="HOJALDRE BUITONI REDONDO 230 G" data-original="//static.condisline.com/resize_190x200/images/catalog/large/121125.jpg" src="//static.condisline.com/resize_190x200/images/catalog/large/121125.jpg" width="190" height="200" style="display: block;">        <meta itemprop="image" content="//static.condisline.com/resize_190x200/images/catalog/large/121125.jpg">        <div class="article_price_container" itemprop="offers" itemscope="" itemtype="http://schema.org/Offer">            <!-- Price -->                                            <span class="article_price" itemprop="price"><span id="list_price_121125">1,99</span></span>                <span class="currency">€</span>                <script>                    formatNumber('1.99', 'list_price_121125');                </script>                        <meta itemprop="priceCurrency" content="EUR">            <div class="unit_container">                                    <a class="substract_button" title="Menos" href="javascript:void(0);">-</a>                                <label class="quantity_container">                                                                        <input class="input_quantity_product" id="item_quantity_121125" type="number" data-product="121125" value="" min="1" max="999" required="" autocomplete="off">                                                            </label>                                    <a class="add_button" title="Más" href="javascript:void(0);">+</a>                    <a class="added_tick" title="Cambiar unidades" href="javascript:void(0);"></a>                            </div>                                                <div class="article_pum">                        <span>      8,65€/Kilo</span>                    </div>                                                                            <a data-product-id="121125" class="orange_button btn_add2cart" title="Añadir al carrito" onclick="dataLayer.push({event: 'event_gtm',category:'acciones usuario', action:'a�adir producto desde listado'})" href="javascript:addToCartFromItemList('121125')">AÑADIR AL CARRITO &gt;</a>                                        <span class="added_button">En carrito</span>                                    <a class="white_button" title="Añadir a mi lista" href="javascript:addToListFromItemList('121125')" onclick="dataLayer.push({event: 'event_gtm',category:'acciones usuario', action:'a�adir producto a lista'});">Añadir a mi lista</a>                                </div>                    <a class="article_link" title="Ver ficha de HOJALDRE BUITONI REDONDO 230 G" href="/HOJALDRE-BUITONI-REDONDO-230-G_121125_prd_es_ES.jsp" onclick="javascript:callingTaggingEnpoints('')" itemprop="url"></a>                <div class="hover_container">            <div class="hover">                <div class="info_symbol"></div>            </div>        </div>                    </article>            </li>                    <li class="article" itemprop="itemListElement" itemscope="" itemtype="http://schema.org/Product">                    <article class="article_container" id="item_description_182602">            <a class="article_name" title="Ver ficha de MASA TARRADELLA EMPANADA 230 G" href="/MASA-TARRADELLA-EMPANADA-230-G_182602_prd_es_ES.jsp" itemprop="url"><span itemprop="name" id="description_text">MASA TARRADELLA EMPANADA 230 G</span></a>            <!--informacion de gluten y calorias -->        <div class="info_container">                            <span class="calories">362 <span>kcal</span></span>                <a class="info" title="Producto con 362 kilocalorías" href="javascript:void(0);">                    <span class="info_text">Producto con 362 kilocalorías.</span>                </a>                                                            <img class="info_icon" alt="10% Descuento para suscriptores Condisline Prime" src="//static.condisline.com/resize_39x39/images/product_icons/icon_subscription.png" width="39" height="39">                                            <a class="info" title="10% Descuento para suscriptores Condisline Prime" href="javascript:void(0);">                            <span class="info_text">10% Descuento para suscriptores Condisline Prime</span>                        </a>                                                        </div>        <img class="article_image" alt="MASA TARRADELLA EMPANADA 230 G" data-original="//static.condisline.com/resize_190x200/images/catalog/large/182602.jpg" src="//static.condisline.com/resize_190x200/images/catalog/large/182602.jpg" width="190" height="200" style="display: block;">        <meta itemprop="image" content="//static.condisline.com/resize_190x200/images/catalog/large/182602.jpg">        <div class="article_price_container" itemprop="offers" itemscope="" itemtype="http://schema.org/Offer">            <!-- Price -->                                            <span class="article_price" itemprop="price"><span id="list_price_182602">1,45</span></span>                <span class="currency">€</span>                <script>                    formatNumber('1.45', 'list_price_182602');                </script>                        <meta itemprop="priceCurrency" content="EUR">            <div class="unit_container">                                    <a class="substract_button" title="Menos" href="javascript:void(0);">-</a>                                <label class="quantity_container">                                                                        <input class="input_quantity_product" id="item_quantity_182602" type="number" data-product="182602" value="" min="1" max="999" required="" autocomplete="off">                                                            </label>                                    <a class="add_button" title="Más" href="javascript:void(0);">+</a>                    <a class="added_tick" title="Cambiar unidades" href="javascript:void(0);"></a>                            </div>                                                <div class="article_pum">                        <span>      6,30€/Kilo</span>                    </div>                                                                            <a data-product-id="182602" class="orange_button btn_add2cart" title="Añadir al carrito" onclick="dataLayer.push({event: 'event_gtm',category:'acciones usuario', action:'a�adir producto desde listado'})" href="javascript:addToCartFromItemList('182602')">AÑADIR AL CARRITO &gt;</a>                                        <span class="added_button">En carrito</span>                                    <a class="white_button" title="Añadir a mi lista" href="javascript:addToListFromItemList('182602')" onclick="dataLayer.push({event: 'event_gtm',category:'acciones usuario', action:'a�adir producto a lista'});">Añadir a mi lista</a>                                </div>                    <a class="article_link" title="Ver ficha de MASA TARRADELLA EMPANADA 230 G" href="/MASA-TARRADELLA-EMPANADA-230-G_182602_prd_es_ES.jsp" onclick="javascript:callingTaggingEnpoints('')" itemprop="url"></a>                <div class="hover_container">            <div class="hover">                <div class="info_symbol"></div>            </div>        </div>                    </article>            </li>                    <li class="article" itemprop="itemListElement" itemscope="" itemtype="http://schema.org/Product">                    <article class="article_container" id="item_description_182523">            <a class="article_name" title="Ver ficha de MASA TARRADELLAS HOJALDRE MANTEQUILLA 260 G" href="/MASA-TARRADELLAS-HOJALDRE-MANTEQUILLA-260-G_182523_prd_es_ES.jsp" itemprop="url"><span itemprop="name" id="description_text">MASA TARRADELLAS HOJALDRE MANTEQUILLA 260 G</span></a>            <!--informacion de gluten y calorias -->        <div class="info_container">                            <span class="calories">409 <span>kcal</span></span>                <a class="info" title="Producto con 409 kilocalorías" href="javascript:void(0);">                    <span class="info_text">Producto con 409 kilocalorías.</span>                </a>                                                            <img class="info_icon" alt="10% Descuento para suscriptores Condisline Prime" src="//static.condisline.com/resize_39x39/images/product_icons/icon_subscription.png" width="39" height="39">                                            <a class="info" title="10% Descuento para suscriptores Condisline Prime" href="javascript:void(0);">                            <span class="info_text">10% Descuento para suscriptores Condisline Prime</span>                        </a>                                                        </div>        <img class="article_image" alt="MASA TARRADELLAS HOJALDRE MANTEQUILLA 260 G" data-original="//static.condisline.com/resize_190x200/images/catalog/large/182523.jpg" src="//static.condisline.com/resize_190x200/images/catalog/large/182523.jpg" width="190" height="200" style="display: block;">        <meta itemprop="image" content="//static.condisline.com/resize_190x200/images/catalog/large/182523.jpg">        <div class="article_price_container" itemprop="offers" itemscope="" itemtype="http://schema.org/Offer">            <!-- Price -->                                            <span class="article_price" itemprop="price"><span id="list_price_182523">1,95</span></span>                <span class="currency">€</span>                <script>                    formatNumber('1.95', 'list_price_182523');                </script>                        <meta itemprop="priceCurrency" content="EUR">            <div class="unit_container">                                    <a class="substract_button" title="Menos" href="javascript:void(0);">-</a>                                <label class="quantity_container">                                                                        <input class="input_quantity_product" id="item_quantity_182523" type="number" data-product="182523" value="" min="1" max="999" required="" autocomplete="off">                                                            </label>                                    <a class="add_button" title="Más" href="javascript:void(0);">+</a>                    <a class="added_tick" title="Cambiar unidades" href="javascript:void(0);"></a>                            </div>                                                <div class="article_pum">                        <span>      7,50€/Kilo</span>                    </div>                                                                            <a data-product-id="182523" class="orange_button btn_add2cart" title="Añadir al carrito" onclick="dataLayer.push({event: 'event_gtm',category:'acciones usuario', action:'a�adir producto desde listado'})" href="javascript:addToCartFromItemList('182523')">AÑADIR AL CARRITO &gt;</a>                                        <span class="added_button">En carrito</span>                                    <a class="white_button" title="Añadir a mi lista" href="javascript:addToListFromItemList('182523')" onclick="dataLayer.push({event: 'event_gtm',category:'acciones usuario', action:'a�adir producto a lista'});">Añadir a mi lista</a>                                </div>                    <a class="article_link" title="Ver ficha de MASA TARRADELLAS HOJALDRE MANTEQUILLA 260 G" href="/MASA-TARRADELLAS-HOJALDRE-MANTEQUILLA-260-G_182523_prd_es_ES.jsp" onclick="javascript:callingTaggingEnpoints('')" itemprop="url"></a>                <div class="hover_container">            <div class="hover">                <div class="info_symbol"></div>            </div>        </div>                    </article>            </li>                    <li class="article" itemprop="itemListElement" itemscope="" itemtype="http://schema.org/Product">                    <article class="article_container" id="item_description_120032">            <a class="article_name" title="Ver ficha de LEVADURA ROYAL PANADERIA 5 UNIDADES" href="/LEVADURA-ROYAL-PANADERIA-5-UNIDADES_120032_prd_es_ES.jsp" itemprop="url"><span itemprop="name" id="description_text">LEVADURA ROYAL PANADERIA 5 UNIDADES</span></a>            <!--informacion de gluten y calorias -->        <div class="info_container">                                                            <img class="info_icon" alt="10% Descuento para suscriptores Condisline Prime" src="//static.condisline.com/resize_39x39/images/product_icons/icon_subscription.png" width="39" height="39">                                            <a class="info" title="10% Descuento para suscriptores Condisline Prime" href="javascript:void(0);">                            <span class="info_text">10% Descuento para suscriptores Condisline Prime</span>                        </a>                                                        </div>        <img class="article_image" alt="LEVADURA ROYAL PANADERIA 5 UNIDADES" data-original="//static.condisline.com/resize_190x200/images/catalog/large/120032.jpg" src="//static.condisline.com/resize_190x200/images/catalog/large/120032.jpg" width="190" height="200" style="display: block;">        <meta itemprop="image" content="//static.condisline.com/resize_190x200/images/catalog/large/120032.jpg">        <div class="article_price_container" itemprop="offers" itemscope="" itemtype="http://schema.org/Offer">            <!-- Price -->                                            <span class="article_price" itemprop="price"><span id="list_price_120032">2,25</span></span>                <span class="currency">€</span>                <script>                    formatNumber('2.25', 'list_price_120032');                </script>                        <meta itemprop="priceCurrency" content="EUR">            <div class="unit_container">                                    <a class="substract_button" title="Menos" href="javascript:void(0);">-</a>                                <label class="quantity_container">                                                                        <input class="input_quantity_product" id="item_quantity_120032" type="number" data-product="120032" value="" min="1" max="999" required="" autocomplete="off">                                                            </label>                                    <a class="add_button" title="Más" href="javascript:void(0);">+</a>                    <a class="added_tick" title="Cambiar unidades" href="javascript:void(0);"></a>                            </div>                                                <div class="article_pum">                        <span>     81,82€/Kilo</span>                    </div>                                                                            <a data-product-id="120032" class="orange_button btn_add2cart" title="Añadir al carrito" onclick="dataLayer.push({event: 'event_gtm',category:'acciones usuario', action:'a�adir producto desde listado'})" href="javascript:addToCartFromItemList('120032')">AÑADIR AL CARRITO &gt;</a>                                        <span class="added_button">En carrito</span>                                    <a class="white_button" title="Añadir a mi lista" href="javascript:addToListFromItemList('120032')" onclick="dataLayer.push({event: 'event_gtm',category:'acciones usuario', action:'a�adir producto a lista'});">Añadir a mi lista</a>                                </div>                    <a class="article_link" title="Ver ficha de LEVADURA ROYAL PANADERIA 5 UNIDADES" href="/LEVADURA-ROYAL-PANADERIA-5-UNIDADES_120032_prd_es_ES.jsp" onclick="javascript:callingTaggingEnpoints('')" itemprop="url"></a>                <div class="hover_container">            <div class="hover">                <div class="info_symbol"></div>            </div>        </div>                    </article>            </li>                    <li class="article" itemprop="itemListElement" itemscope="" itemtype="http://schema.org/Product">                    <article class="article_container" id="item_description_213190">            <a class="article_name" title="Ver ficha de BURGER BIMBO ARTESANO BRIOC 290 G" href="/BURGER-BIMBO-ARTESANO-BRIOC-290-G_213190_prd_es_ES.jsp" itemprop="url"><span itemprop="name" id="description_text">BURGER BIMBO ARTESANO BRIOC 290 G</span></a>            <!--informacion de gluten y calorias -->        <div class="info_container">                            <span class="calories">268 <span>kcal</span></span>                <a class="info" title="Producto con 268 kilocalorías" href="javascript:void(0);">                    <span class="info_text">Producto con 268 kilocalorías.</span>                </a>                                                            <img class="info_icon" alt="10% Descuento para suscriptores Condisline Prime" src="//static.condisline.com/resize_39x39/images/product_icons/icon_subscription.png" width="39" height="39">                                            <a class="info" title="10% Descuento para suscriptores Condisline Prime" href="javascript:void(0);">                            <span class="info_text">10% Descuento para suscriptores Condisline Prime</span>                        </a>                                                        </div>        <img class="article_image" alt="BURGER BIMBO ARTESANO BRIOC 290 G" data-original="//static.condisline.com/resize_190x200/images/catalog/large/213190.jpg" src="//static.condisline.com/resize_190x200/images/catalog/large/213190.jpg" width="190" height="200" style="display: block;">        <meta itemprop="image" content="//static.condisline.com/resize_190x200/images/catalog/large/213190.jpg">        <div class="article_price_container" itemprop="offers" itemscope="" itemtype="http://schema.org/Offer">            <!-- Price -->                                            <span class="article_price" itemprop="price"><span id="list_price_213190">2,34</span></span>                <span class="currency">€</span>                <script>                    formatNumber('2.34', 'list_price_213190');                </script>                        <meta itemprop="priceCurrency" content="EUR">            <div class="unit_container">                                    <a class="substract_button" title="Menos" href="javascript:void(0);">-</a>                                <label class="quantity_container">                                                                        <input class="input_quantity_product" id="item_quantity_213190" type="number" data-product="213190" value="" min="1" max="999" required="" autocomplete="off">                                                            </label>                                    <a class="add_button" title="Más" href="javascript:void(0);">+</a>                    <a class="added_tick" title="Cambiar unidades" href="javascript:void(0);"></a>                            </div>                                                <div class="article_pum">                        <span>      8,07€/Kilo</span>                    </div>                                                                            <a data-product-id="213190" class="orange_button btn_add2cart" title="Añadir al carrito" onclick="dataLayer.push({event: 'event_gtm',category:'acciones usuario', action:'a�adir producto desde listado'})" href="javascript:addToCartFromItemList('213190')">AÑADIR AL CARRITO &gt;</a>                                        <span class="added_button">En carrito</span>                                    <a class="white_button" title="Añadir a mi lista" href="javascript:addToListFromItemList('213190')" onclick="dataLayer.push({event: 'event_gtm',category:'acciones usuario', action:'a�adir producto a lista'});">Añadir a mi lista</a>                                </div>                    <a class="article_link" title="Ver ficha de BURGER BIMBO ARTESANO BRIOC 290 G" href="/BURGER-BIMBO-ARTESANO-BRIOC-290-G_213190_prd_es_ES.jsp" onclick="javascript:callingTaggingEnpoints('')" itemprop="url"></a>                <div class="hover_container">            <div class="hover">                <div class="info_symbol"></div>            </div>        </div>                    </article>            </li>                    <li class="article" itemprop="itemListElement" itemscope="" itemtype="http://schema.org/Product">                    <article class="article_container" id="item_description_121725">            <a class="article_name" title="Ver ficha de PAN RALLADO GALLO CRUJIENTE 500 G" href="/PAN-RALLADO-GALLO-CRUJIENTE-500-G_121725_prd_es_ES.jsp" itemprop="url"><span itemprop="name" id="description_text">PAN RALLADO GALLO CRUJIENTE 500 G</span></a>            <!--informacion de gluten y calorias -->        <div class="info_container">                            <span class="calories">367 <span>kcal</span></span>                <a class="info" title="Producto con 367 kilocalorías" href="javascript:void(0);">                    <span class="info_text">Producto con 367 kilocalorías.</span>                </a>                                                            <img class="info_icon" alt="10% Descuento para suscriptores Condisline Prime" src="//static.condisline.com/resize_39x39/images/product_icons/icon_subscription.png" width="39" height="39">                                            <a class="info" title="10% Descuento para suscriptores Condisline Prime" href="javascript:void(0);">                            <span class="info_text">10% Descuento para suscriptores Condisline Prime</span>                        </a>                                                        </div>        <img class="article_image" alt="PAN RALLADO GALLO CRUJIENTE 500 G" data-original="//static.condisline.com/resize_190x200/images/catalog/large/121725.jpg" src="//static.condisline.com/resize_190x200/images/catalog/large/121725.jpg" width="190" height="200" style="display: block;">        <meta itemprop="image" content="//static.condisline.com/resize_190x200/images/catalog/large/121725.jpg">        <div class="article_price_container" itemprop="offers" itemscope="" itemtype="http://schema.org/Offer">            <!-- Price -->                                            <span class="article_price" itemprop="price"><span id="list_price_121725">1,39</span></span>                <span class="currency">€</span>                <script>                    formatNumber('1.39', 'list_price_121725');                </script>                        <meta itemprop="priceCurrency" content="EUR">            <div class="unit_container">                                    <a class="substract_button" title="Menos" href="javascript:void(0);">-</a>                                <label class="quantity_container">                                                                        <input class="input_quantity_product" id="item_quantity_121725" type="number" data-product="121725" value="" min="1" max="999" required="" autocomplete="off">                                                            </label>                                    <a class="add_button" title="Más" href="javascript:void(0);">+</a>                    <a class="added_tick" title="Cambiar unidades" href="javascript:void(0);"></a>                            </div>                                                <div class="article_pum">                        <span>      2,78€/Kilo</span>                    </div>                                                                            <a data-product-id="121725" class="orange_button btn_add2cart" title="Añadir al carrito" onclick="dataLayer.push({event: 'event_gtm',category:'acciones usuario', action:'a�adir producto desde listado'})" href="javascript:addToCartFromItemList('121725')">AÑADIR AL CARRITO &gt;</a>                                        <span class="added_button">En carrito</span>                                    <a class="white_button" title="Añadir a mi lista" href="javascript:addToListFromItemList('121725')" onclick="dataLayer.push({event: 'event_gtm',category:'acciones usuario', action:'a�adir producto a lista'});">Añadir a mi lista</a>                                </div>                    <a class="article_link" title="Ver ficha de PAN RALLADO GALLO CRUJIENTE 500 G" href="/PAN-RALLADO-GALLO-CRUJIENTE-500-G_121725_prd_es_ES.jsp" onclick="javascript:callingTaggingEnpoints('')" itemprop="url"></a>                <div class="hover_container">            <div class="hover">                <div class="info_symbol"></div>            </div>        </div>                    </article>            </li>                    <li class="article" itemprop="itemListElement" itemscope="" itemtype="http://schema.org/Product">                    <article class="article_container" id="item_description_182575">            <a class="article_name" title="Ver ficha de BASE TARRADELLA PIZZA 5 CEREALES 260 G" href="/BASE-TARRADELLA-PIZZA-5-CEREALES-260-G_182575_prd_es_ES.jsp" itemprop="url"><span itemprop="name" id="description_text">BASE TARRADELLA PIZZA 5 CEREALES 260 G</span></a>            <!--informacion de gluten y calorias -->        <div class="info_container">                            <span class="calories">270 <span>kcal</span></span>                <a class="info" title="Producto con 270 kilocalorías" href="javascript:void(0);">                    <span class="info_text">Producto con 270 kilocalorías.</span>                </a>                                                            <img class="info_icon" alt="10% Descuento para suscriptores Condisline Prime" src="//static.condisline.com/resize_39x39/images/product_icons/icon_subscription.png" width="39" height="39">                                            <a class="info" title="10% Descuento para suscriptores Condisline Prime" href="javascript:void(0);">                            <span class="info_text">10% Descuento para suscriptores Condisline Prime</span>                        </a>                                                        </div>        <img class="article_image" alt="BASE TARRADELLA PIZZA 5 CEREALES 260 G" data-original="//static.condisline.com/resize_190x200/images/catalog/large/182575.jpg" src="//static.condisline.com/resize_190x200/images/catalog/large/182575.jpg" width="190" height="200" style="display: block;">        <meta itemprop="image" content="//static.condisline.com/resize_190x200/images/catalog/large/182575.jpg">        <div class="article_price_container" itemprop="offers" itemscope="" itemtype="http://schema.org/Offer">            <!-- Price -->                                            <span class="article_price" itemprop="price"><span id="list_price_182575">1,37</span></span>                <span class="currency">€</span>                <script>                    formatNumber('1.37', 'list_price_182575');                </script>                        <meta itemprop="priceCurrency" content="EUR">            <div class="unit_container">                                    <a class="substract_button" title="Menos" href="javascript:void(0);">-</a>                                <label class="quantity_container">                                                                        <input class="input_quantity_product" id="item_quantity_182575" type="number" data-product="182575" value="" min="1" max="999" required="" autocomplete="off">                                                            </label>                                    <a class="add_button" title="Más" href="javascript:void(0);">+</a>                    <a class="added_tick" title="Cambiar unidades" href="javascript:void(0);"></a>                            </div>                                                <div class="article_pum">                        <span>      5,27€/Kilo</span>                    </div>                                                                            <a data-product-id="182575" class="orange_button btn_add2cart" title="Añadir al carrito" onclick="dataLayer.push({event: 'event_gtm',category:'acciones usuario', action:'a�adir producto desde listado'})" href="javascript:addToCartFromItemList('182575')">AÑADIR AL CARRITO &gt;</a>                                        <span class="added_button">En carrito</span>                                    <a class="white_button" title="Añadir a mi lista" href="javascript:addToListFromItemList('182575')" onclick="dataLayer.push({event: 'event_gtm',category:'acciones usuario', action:'a�adir producto a lista'});">Añadir a mi lista</a>                                </div>                    <a class="article_link" title="Ver ficha de BASE TARRADELLA PIZZA 5 CEREALES 260 G" href="/BASE-TARRADELLA-PIZZA-5-CEREALES-260-G_182575_prd_es_ES.jsp" onclick="javascript:callingTaggingEnpoints('')" itemprop="url"></a>                <div class="hover_container">            <div class="hover">                <div class="info_symbol"></div>            </div>        </div>                    </article>            </li>                    <li class="article" itemprop="itemListElement" itemscope="" itemtype="http://schema.org/Product">                    <article class="article_container" id="item_description_118054">            <a class="article_name" title="Ver ficha de HARINA NOMEN TRIGO 1 KG" href="/HARINA-NOMEN-TRIGO-1-KG_118054_prd_es_ES.jsp" itemprop="url"><span itemprop="name" id="description_text">HARINA NOMEN TRIGO 1 KG</span></a>            <!--informacion de gluten y calorias -->        <div class="info_container">                            <span class="calories">339 <span>kcal</span></span>                <a class="info" title="Producto con 339 kilocalorías" href="javascript:void(0);">                    <span class="info_text">Producto con 339 kilocalorías.</span>                </a>                                                            <img class="info_icon" alt="10% Descuento para suscriptores Condisline Prime" src="//static.condisline.com/resize_39x39/images/product_icons/icon_subscription.png" width="39" height="39">                                            <a class="info" title="10% Descuento para suscriptores Condisline Prime" href="javascript:void(0);">                            <span class="info_text">10% Descuento para suscriptores Condisline Prime</span>                        </a>                                                        </div>        <img class="article_image" alt="HARINA NOMEN TRIGO 1 KG" data-original="//static.condisline.com/resize_190x200/images/catalog/large/118054.jpg" src="//static.condisline.com/resize_190x200/images/catalog/large/118054.jpg" width="190" height="200" style="display: block;">        <meta itemprop="image" content="//static.condisline.com/resize_190x200/images/catalog/large/118054.jpg">        <div class="article_price_container" itemprop="offers" itemscope="" itemtype="http://schema.org/Offer">            <!-- Price -->                                            <span class="article_price" itemprop="price"><span id="list_price_118054">1,45</span></span>                <span class="currency">€</span>                <script>                    formatNumber('1.45', 'list_price_118054');                </script>                        <meta itemprop="priceCurrency" content="EUR">            <div class="unit_container">                                    <a class="substract_button" title="Menos" href="javascript:void(0);">-</a>                                <label class="quantity_container">                                                                        <input class="input_quantity_product" id="item_quantity_118054" type="number" data-product="118054" value="" min="1" max="999" required="" autocomplete="off">                                                            </label>                                    <a class="add_button" title="Más" href="javascript:void(0);">+</a>                    <a class="added_tick" title="Cambiar unidades" href="javascript:void(0);"></a>                            </div>                                                <div class="article_pum">                        <span>      1,45€/Kilo</span>                    </div>                                                                            <a data-product-id="118054" class="orange_button btn_add2cart" title="Añadir al carrito" onclick="dataLayer.push({event: 'event_gtm',category:'acciones usuario', action:'a�adir producto desde listado'})" href="javascript:addToCartFromItemList('118054')">AÑADIR AL CARRITO &gt;</a>                                        <span class="added_button">En carrito</span>                                    <a class="white_button" title="Añadir a mi lista" href="javascript:addToListFromItemList('118054')" onclick="dataLayer.push({event: 'event_gtm',category:'acciones usuario', action:'a�adir producto a lista'});">Añadir a mi lista</a>                                </div>                    <a class="article_link" title="Ver ficha de HARINA NOMEN TRIGO 1 KG" href="/HARINA-NOMEN-TRIGO-1-KG_118054_prd_es_ES.jsp" onclick="javascript:callingTaggingEnpoints('')" itemprop="url"></a>                <div class="hover_container">            <div class="hover">                <div class="info_symbol"></div>            </div>        </div>                    </article>            </li>                    <li class="article" itemprop="itemListElement" itemscope="" itemtype="http://schema.org/Product">                    <article class="article_container" id="item_description_216799">            <a class="article_name" title="Ver ficha de MINI BRIOCHES MONTES LARA 6 UNIDADES 270 G" href="/MINI-BRIOCHES-MONTES-LARA-6-UNIDADES-270-G_216799_prd_es_ES.jsp" itemprop="url"><span itemprop="name" id="description_text">MINI BRIOCHES MONTES LARA 6 UNIDADES 270 G</span></a>            <!--informacion de gluten y calorias -->        <div class="info_container">                            <span class="calories">340 <span>kcal</span></span>                <a class="info" title="Producto con 340 kilocalorías" href="javascript:void(0);">                    <span class="info_text">Producto con 340 kilocalorías.</span>                </a>                                                            <img class="info_icon" alt="10% Descuento para suscriptores Condisline Prime" src="//static.condisline.com/resize_39x39/images/product_icons/icon_subscription.png" width="39" height="39">                                            <a class="info" title="10% Descuento para suscriptores Condisline Prime" href="javascript:void(0);">                            <span class="info_text">10% Descuento para suscriptores Condisline Prime</span>                        </a>                                                        </div>        <img class="article_image" alt="MINI BRIOCHES MONTES LARA 6 UNIDADES 270 G" data-original="//static.condisline.com/resize_190x200/images/catalog/large/216799.jpg" src="//static.condisline.com/resize_190x200/images/catalog/large/216799.jpg" width="190" height="200" style="display: block;">        <meta itemprop="image" content="//static.condisline.com/resize_190x200/images/catalog/large/216799.jpg">        <div class="article_price_container" itemprop="offers" itemscope="" itemtype="http://schema.org/Offer">            <!-- Price -->                                            <span class="article_price" itemprop="price"><span id="list_price_216799">2,69</span></span>                <span class="currency">€</span>                <script>                    formatNumber('2.69', 'list_price_216799');                </script>                        <meta itemprop="priceCurrency" content="EUR">            <div class="unit_container">                                    <a class="substract_button" title="Menos" href="javascript:void(0);">-</a>                                <label class="quantity_container">                                                                        <input class="input_quantity_product" id="item_quantity_216799" type="number" data-product="216799" value="" min="1" max="999" required="" autocomplete="off">                                                            </label>                                    <a class="add_button" title="Más" href="javascript:void(0);">+</a>                    <a class="added_tick" title="Cambiar unidades" href="javascript:void(0);"></a>                            </div>                                                <div class="article_pum">                        <span>      9,96€/Kilo</span>                    </div>                                                                            <a data-product-id="216799" class="orange_button btn_add2cart" title="Añadir al carrito" onclick="dataLayer.push({event: 'event_gtm',category:'acciones usuario', action:'a�adir producto desde listado'})" href="javascript:addToCartFromItemList('216799')">AÑADIR AL CARRITO &gt;</a>                                        <span class="added_button">En carrito</span>                                    <a class="white_button" title="Añadir a mi lista" href="javascript:addToListFromItemList('216799')" onclick="dataLayer.push({event: 'event_gtm',category:'acciones usuario', action:'a�adir producto a lista'});">Añadir a mi lista</a>                                </div>                    <a class="article_link" title="Ver ficha de MINI BRIOCHES MONTES LARA 6 UNIDADES 270 G" href="/MINI-BRIOCHES-MONTES-LARA-6-UNIDADES-270-G_216799_prd_es_ES.jsp" onclick="javascript:callingTaggingEnpoints('')" itemprop="url"></a>                <div class="hover_container">            <div class="hover">                <div class="info_symbol"></div>            </div>        </div>                    </article>            </li>                    <li class="article" itemprop="itemListElement" itemscope="" itemtype="http://schema.org/Product">                    <article class="article_container" id="item_description_118059">            <a class="article_name" title="Ver ficha de HARINA GALLO DE FUERZA 1 KG" href="/HARINA-GALLO-DE-FUERZA-1-KG_118059_prd_es_ES.jsp" itemprop="url"><span itemprop="name" id="description_text">HARINA GALLO DE FUERZA 1 KG</span></a>            <!--informacion de gluten y calorias -->        <div class="info_container">                            <span class="calories">344 <span>kcal</span></span>                <a class="info" title="Producto con 344 kilocalorías" href="javascript:void(0);">                    <span class="info_text">Producto con 344 kilocalorías.</span>                </a>                                                            <img class="info_icon" alt="10% Descuento para suscriptores Condisline Prime" src="//static.condisline.com/resize_39x39/images/product_icons/icon_subscription.png" width="39" height="39">                                            <a class="info" title="10% Descuento para suscriptores Condisline Prime" href="javascript:void(0);">                            <span class="info_text">10% Descuento para suscriptores Condisline Prime</span>                        </a>                                                        </div>        <img class="article_image" alt="HARINA GALLO DE FUERZA 1 KG" data-original="//static.condisline.com/resize_190x200/images/catalog/large/118059.jpg" src="//static.condisline.com/resize_190x200/images/catalog/large/118059.jpg" width="190" height="200" style="display: block;">        <meta itemprop="image" content="//static.condisline.com/resize_190x200/images/catalog/large/118059.jpg">        <div class="article_price_container" itemprop="offers" itemscope="" itemtype="http://schema.org/Offer">            <!-- Price -->                                            <span class="article_price" itemprop="price"><span id="list_price_118059">1,85</span></span>                <span class="currency">€</span>                <script>                    formatNumber('1.85', 'list_price_118059');                </script>                        <meta itemprop="priceCurrency" content="EUR">            <div class="unit_container">                                    <a class="substract_button" title="Menos" href="javascript:void(0);">-</a>                                <label class="quantity_container">                                                                        <input class="input_quantity_product" id="item_quantity_118059" type="number" data-product="118059" value="" min="1" max="999" required="" autocomplete="off">                                                            </label>                                    <a class="add_button" title="Más" href="javascript:void(0);">+</a>                    <a class="added_tick" title="Cambiar unidades" href="javascript:void(0);"></a>                            </div>                                                <div class="article_pum">                        <span>      1,85€/Kilo</span>                    </div>                                                                            <a data-product-id="118059" class="orange_button btn_add2cart" title="Añadir al carrito" onclick="dataLayer.push({event: 'event_gtm',category:'acciones usuario', action:'a�adir producto desde listado'})" href="javascript:addToCartFromItemList('118059')">AÑADIR AL CARRITO &gt;</a>                                        <span class="added_button">En carrito</span>                                    <a class="white_button" title="Añadir a mi lista" href="javascript:addToListFromItemList('118059')" onclick="dataLayer.push({event: 'event_gtm',category:'acciones usuario', action:'a�adir producto a lista'});">Añadir a mi lista</a>                                </div>                    <a class="article_link" title="Ver ficha de HARINA GALLO DE FUERZA 1 KG" href="/HARINA-GALLO-DE-FUERZA-1-KG_118059_prd_es_ES.jsp" onclick="javascript:callingTaggingEnpoints('')" itemprop="url"></a>                <div class="hover_container">            <div class="hover">                <div class="info_symbol"></div>            </div>        </div>                    </article>            </li>        <!--    </ul> --><!--    <ul id="carousel_articles" class="articles_list" itemscope="" itemtype="http://schema.org/ItemList"> -->                    <li class="article" itemprop="itemListElement" itemscope="" itemtype="http://schema.org/Product">                    <article class="article_container" id="item_description_216974">            <a class="article_name" title="Ver ficha de BOCADITOS SNATTS TOMATE&amp;OREGANO 110 G" href="/BOCADITOS-SNATTS-TOMATE-OREGANO-110-G_216974_prd_es_ES.jsp" itemprop="url"><span itemprop="name" id="description_text">BOCADITOS SNATTS TOMATE&amp;OREGANO 110 G</span></a>            <!--informacion de gluten y calorias -->        <div class="info_container">                                                            <img class="info_icon" alt="10% Descuento para suscriptores Condisline Prime" src="//static.condisline.com/resize_39x39/images/product_icons/icon_subscription.png" width="39" height="39">                                            <a class="info" title="10% Descuento para suscriptores Condisline Prime" href="javascript:void(0);">                            <span class="info_text">10% Descuento para suscriptores Condisline Prime</span>                        </a>                                                        </div>        <img class="article_image" alt="BOCADITOS SNATTS TOMATE&amp;OREGANO 110 G" data-original="//static.condisline.com/resize_190x200/images/catalog/large/216974.jpg" src="//static.condisline.com/resize_190x200/images/catalog/large/216974.jpg" width="190" height="200" style="display: block;">        <meta itemprop="image" content="//static.condisline.com/resize_190x200/images/catalog/large/216974.jpg">        <div class="article_price_container" itemprop="offers" itemscope="" itemtype="http://schema.org/Offer">            <!-- Price -->                                            <span class="article_price" itemprop="price"><span id="list_price_216974">1,40</span></span>                <span class="currency">€</span>                <script>                    formatNumber('1.4', 'list_price_216974');                </script>                        <meta itemprop="priceCurrency" content="EUR">            <div class="unit_container">                                    <a class="substract_button" title="Menos" href="javascript:void(0);">-</a>                                <label class="quantity_container">                                                                        <input class="input_quantity_product" id="item_quantity_216974" type="number" data-product="216974" value="" min="1" max="999" required="" autocomplete="off">                                                            </label>                                    <a class="add_button" title="Más" href="javascript:void(0);">+</a>                    <a class="added_tick" title="Cambiar unidades" href="javascript:void(0);"></a>                            </div>                                                <div class="article_pum">                        <span>     12,73€/Kilo</span>                    </div>                                                                            <a data-product-id="216974" class="orange_button btn_add2cart" title="Añadir al carrito" onclick="dataLayer.push({event: 'event_gtm',category:'acciones usuario', action:'a�adir producto desde listado'})" href="javascript:addToCartFromItemList('216974')">AÑADIR AL CARRITO &gt;</a>                                        <span class="added_button">En carrito</span>                                    <a class="white_button" title="Añadir a mi lista" href="javascript:addToListFromItemList('216974')" onclick="dataLayer.push({event: 'event_gtm',category:'acciones usuario', action:'a�adir producto a lista'});">Añadir a mi lista</a>                                </div>                    <a class="article_link" title="Ver ficha de BOCADITOS SNATTS TOMATE&amp;OREGANO 110 G" href="/BOCADITOS-SNATTS-TOMATE-OREGANO-110-G_216974_prd_es_ES.jsp" onclick="javascript:callingTaggingEnpoints('')" itemprop="url"></a>                <div class="hover_container">            <div class="hover">                <div class="info_symbol"></div>            </div>        </div>                    </article>            </li>                    <li class="article" itemprop="itemListElement" itemscope="" itemtype="http://schema.org/Product">                    <article class="article_container" id="item_description_216806">            <a class="article_name" title="Ver ficha de TAPAS QUELY  200 G" href="/TAPAS-QUELY-200-G_216806_prd_es_ES.jsp" itemprop="url"><span itemprop="name" id="description_text">TAPAS QUELY  200 G</span></a>            <!--informacion de gluten y calorias -->        <div class="info_container">                                                            <img class="info_icon" alt="10% Descuento para suscriptores Condisline Prime" src="//static.condisline.com/resize_39x39/images/product_icons/icon_subscription.png" width="39" height="39">                                            <a class="info" title="10% Descuento para suscriptores Condisline Prime" href="javascript:void(0);">                            <span class="info_text">10% Descuento para suscriptores Condisline Prime</span>                        </a>                                                        </div>        <img class="article_image" alt="TAPAS QUELY  200 G" data-original="//static.condisline.com/resize_190x200/images/catalog/large/216806.jpg" src="//static.condisline.com/resize_190x200/images/catalog/large/216806.jpg" width="190" height="200" style="display: block;">        <meta itemprop="image" content="//static.condisline.com/resize_190x200/images/catalog/large/216806.jpg">        <div class="article_price_container" itemprop="offers" itemscope="" itemtype="http://schema.org/Offer">            <!-- Price -->                                            <span class="article_price" itemprop="price"><span id="list_price_216806">1,19</span></span>                <span class="currency">€</span>                <script>                    formatNumber('1.19', 'list_price_216806');                </script>                        <meta itemprop="priceCurrency" content="EUR">            <div class="unit_container">                                    <a class="substract_button" title="Menos" href="javascript:void(0);">-</a>                                <label class="quantity_container">                                                                        <input class="input_quantity_product" id="item_quantity_216806" type="number" data-product="216806" value="" min="1" max="999" required="" autocomplete="off">                                                            </label>                                    <a class="add_button" title="Más" href="javascript:void(0);">+</a>                    <a class="added_tick" title="Cambiar unidades" href="javascript:void(0);"></a>                            </div>                                                <div class="article_pum">                        <span>      5,95€/Kilo</span>                    </div>                                                                            <a data-product-id="216806" class="orange_button btn_add2cart" title="Añadir al carrito" onclick="dataLayer.push({event: 'event_gtm',category:'acciones usuario', action:'a�adir producto desde listado'})" href="javascript:addToCartFromItemList('216806')">AÑADIR AL CARRITO &gt;</a>                                        <span class="added_button">En carrito</span>                                    <a class="white_button" title="Añadir a mi lista" href="javascript:addToListFromItemList('216806')" onclick="dataLayer.push({event: 'event_gtm',category:'acciones usuario', action:'a�adir producto a lista'});">Añadir a mi lista</a>                                </div>                    <a class="article_link" title="Ver ficha de TAPAS QUELY  200 G" href="/TAPAS-QUELY-200-G_216806_prd_es_ES.jsp" onclick="javascript:callingTaggingEnpoints('')" itemprop="url"></a>                <div class="hover_container">            <div class="hover">                <div class="info_symbol"></div>            </div>        </div>                    </article>            </li>                    <li class="article" itemprop="itemListElement" itemscope="" itemtype="http://schema.org/Product">                    <article class="article_container" id="item_description_211469">            <a class="article_name" title="Ver ficha de PANECILLOS KRISPROLLS DORADOS 225 G" href="/PANECILLOS-KRISPROLLS-DORADOS-225-G_211469_prd_es_ES.jsp" itemprop="url"><span itemprop="name" id="description_text">PANECILLOS KRISPROLLS DORADOS 225 G</span></a>            <!--informacion de gluten y calorias -->        <div class="info_container">                            <span class="calories">432 <span>kcal</span></span>                <a class="info" title="Producto con 432 kilocalorías" href="javascript:void(0);">                    <span class="info_text">Producto con 432 kilocalorías.</span>                </a>                                                            <img class="info_icon" alt="10% Descuento para suscriptores Condisline Prime" src="//static.condisline.com/resize_39x39/images/product_icons/icon_subscription.png" width="39" height="39">                                            <a class="info" title="10% Descuento para suscriptores Condisline Prime" href="javascript:void(0);">                            <span class="info_text">10% Descuento para suscriptores Condisline Prime</span>                        </a>                                                        </div>        <img class="article_image" alt="PANECILLOS KRISPROLLS DORADOS 225 G" data-original="//static.condisline.com/resize_190x200/images/catalog/large/211469.jpg" src="//static.condisline.com/resize_190x200/images/catalog/large/211469.jpg" width="190" height="200" style="display: block;">        <meta itemprop="image" content="//static.condisline.com/resize_190x200/images/catalog/large/211469.jpg">        <div class="article_price_container" itemprop="offers" itemscope="" itemtype="http://schema.org/Offer">            <!-- Price -->                                            <span class="article_price" itemprop="price"><span id="list_price_211469">3,49</span></span>                <span class="currency">€</span>                <script>                    formatNumber('3.49', 'list_price_211469');                </script>                        <meta itemprop="priceCurrency" content="EUR">            <div class="unit_container">                                    <a class="substract_button" title="Menos" href="javascript:void(0);">-</a>                                <label class="quantity_container">                                                                        <input class="input_quantity_product" id="item_quantity_211469" type="number" data-product="211469" value="" min="1" max="999" required="" autocomplete="off">                                                            </label>                                    <a class="add_button" title="Más" href="javascript:void(0);">+</a>                    <a class="added_tick" title="Cambiar unidades" href="javascript:void(0);"></a>                            </div>                                                <div class="article_pum">                        <span>     15,51€/Kilo</span>                    </div>                                                                            <a data-product-id="211469" class="orange_button btn_add2cart" title="Añadir al carrito" onclick="dataLayer.push({event: 'event_gtm',category:'acciones usuario', action:'a�adir producto desde listado'})" href="javascript:addToCartFromItemList('211469')">AÑADIR AL CARRITO &gt;</a>                                        <span class="added_button">En carrito</span>                                    <a class="white_button" title="Añadir a mi lista" href="javascript:addToListFromItemList('211469')" onclick="dataLayer.push({event: 'event_gtm',category:'acciones usuario', action:'a�adir producto a lista'});">Añadir a mi lista</a>                                </div>                    <a class="article_link" title="Ver ficha de PANECILLOS KRISPROLLS DORADOS 225 G" href="/PANECILLOS-KRISPROLLS-DORADOS-225-G_211469_prd_es_ES.jsp" onclick="javascript:callingTaggingEnpoints('')" itemprop="url"></a>                <div class="hover_container">            <div class="hover">                <div class="info_symbol"></div>            </div>        </div>                    </article>            </li>                    <li class="article" itemprop="itemListElement" itemscope="" itemtype="http://schema.org/Product">                    <article class="article_container" id="item_description_118040">            <a class="article_name" title="Ver ficha de HARINA HARIMSA INTEGRAL ESPELTA 500 G" href="/HARINA-HARIMSA-INTEGRAL-ESPELTA-500-G_118040_prd_es_ES.jsp" itemprop="url"><span itemprop="name" id="description_text">HARINA HARIMSA INTEGRAL ESPELTA 500 G</span></a>            <!--informacion de gluten y calorias -->        <div class="info_container">                            <span class="calories">341 <span>kcal</span></span>                <a class="info" title="Producto con 341 kilocalorías" href="javascript:void(0);">                    <span class="info_text">Producto con 341 kilocalorías.</span>                </a>                                                            <img class="info_icon" alt="10% Descuento para suscriptores Condisline Prime" src="//static.condisline.com/resize_39x39/images/product_icons/icon_subscription.png" width="39" height="39">                                            <a class="info" title="10% Descuento para suscriptores Condisline Prime" href="javascript:void(0);">                            <span class="info_text">10% Descuento para suscriptores Condisline Prime</span>                        </a>                                                        </div>        <img class="article_image" alt="HARINA HARIMSA INTEGRAL ESPELTA 500 G" data-original="//static.condisline.com/resize_190x200/images/catalog/large/118040.jpg" src="//static.condisline.com/resize_190x200/images/catalog/large/118040.jpg" width="190" height="200" style="display: block;">        <meta itemprop="image" content="//static.condisline.com/resize_190x200/images/catalog/large/118040.jpg">        <div class="article_price_container" itemprop="offers" itemscope="" itemtype="http://schema.org/Offer">            <!-- Price -->                                            <span class="article_price" itemprop="price"><span id="list_price_118040">1,77</span></span>                <span class="currency">€</span>                <script>                    formatNumber('1.77', 'list_price_118040');                </script>                        <meta itemprop="priceCurrency" content="EUR">            <div class="unit_container">                                    <a class="substract_button" title="Menos" href="javascript:void(0);">-</a>                                <label class="quantity_container">                                                                        <input class="input_quantity_product" id="item_quantity_118040" type="number" data-product="118040" value="" min="1" max="999" required="" autocomplete="off">                                                            </label>                                    <a class="add_button" title="Más" href="javascript:void(0);">+</a>                    <a class="added_tick" title="Cambiar unidades" href="javascript:void(0);"></a>                            </div>                                                <div class="article_pum">                        <span>      3,54€/Kilo</span>                    </div>                                                                            <a data-product-id="118040" class="orange_button btn_add2cart" title="Añadir al carrito" onclick="dataLayer.push({event: 'event_gtm',category:'acciones usuario', action:'a�adir producto desde listado'})" href="javascript:addToCartFromItemList('118040')">AÑADIR AL CARRITO &gt;</a>                                        <span class="added_button">En carrito</span>                                    <a class="white_button" title="Añadir a mi lista" href="javascript:addToListFromItemList('118040')" onclick="dataLayer.push({event: 'event_gtm',category:'acciones usuario', action:'a�adir producto a lista'});">Añadir a mi lista</a>                                </div>                    <a class="article_link" title="Ver ficha de HARINA HARIMSA INTEGRAL ESPELTA 500 G" href="/HARINA-HARIMSA-INTEGRAL-ESPELTA-500-G_118040_prd_es_ES.jsp" onclick="javascript:callingTaggingEnpoints('')" itemprop="url"></a>                <div class="hover_container">            <div class="hover">                <div class="info_symbol"></div>            </div>        </div>                    </article>            </li>                    <li class="article" itemprop="itemListElement" itemscope="" itemtype="http://schema.org/Product">                    <article class="article_container" id="item_description_211391">            <a class="article_name" title="Ver ficha de PICATOSTES RECONDO AJO 80 G" href="/PICATOSTES-RECONDO-AJO-80-G_211391_prd_es_ES.jsp" itemprop="url"><span itemprop="name" id="description_text">PICATOSTES RECONDO AJO 80 G</span></a>            <!--informacion de gluten y calorias -->        <div class="info_container">                            <span class="calories">504 <span>kcal</span></span>                <a class="info" title="Producto con 504 kilocalorías" href="javascript:void(0);">                    <span class="info_text">Producto con 504 kilocalorías.</span>                </a>                                                            <img class="info_icon" alt="10% Descuento para suscriptores Condisline Prime" src="//static.condisline.com/resize_39x39/images/product_icons/icon_subscription.png" width="39" height="39">                                            <a class="info" title="10% Descuento para suscriptores Condisline Prime" href="javascript:void(0);">                            <span class="info_text">10% Descuento para suscriptores Condisline Prime</span>                        </a>                                                        </div>        <img class="article_image" alt="PICATOSTES RECONDO AJO 80 G" data-original="//static.condisline.com/resize_190x200/images/catalog/large/211391.jpg" src="//static.condisline.com/resize_190x200/images/catalog/large/211391.jpg" width="190" height="200" style="display: block;">        <meta itemprop="image" content="//static.condisline.com/resize_190x200/images/catalog/large/211391.jpg">        <div class="article_price_container" itemprop="offers" itemscope="" itemtype="http://schema.org/Offer">            <!-- Price -->                                            <span class="article_price" itemprop="price"><span id="list_price_211391">1,55</span></span>                <span class="currency">€</span>                <script>                    formatNumber('1.55', 'list_price_211391');                </script>                        <meta itemprop="priceCurrency" content="EUR">            <div class="unit_container">                                    <a class="substract_button" title="Menos" href="javascript:void(0);">-</a>                                <label class="quantity_container">                                                                        <input class="input_quantity_product" id="item_quantity_211391" type="number" data-product="211391" value="" min="1" max="999" required="" autocomplete="off">                                                            </label>                                    <a class="add_button" title="Más" href="javascript:void(0);">+</a>                    <a class="added_tick" title="Cambiar unidades" href="javascript:void(0);"></a>                            </div>                                                <div class="article_pum">                        <span>     19,38€/Kilo</span>                    </div>                                                                            <a data-product-id="211391" class="orange_button btn_add2cart" title="Añadir al carrito" onclick="dataLayer.push({event: 'event_gtm',category:'acciones usuario', action:'a�adir producto desde listado'})" href="javascript:addToCartFromItemList('211391')">AÑADIR AL CARRITO &gt;</a>                                        <span class="added_button">En carrito</span>                                    <a class="white_button" title="Añadir a mi lista" href="javascript:addToListFromItemList('211391')" onclick="dataLayer.push({event: 'event_gtm',category:'acciones usuario', action:'a�adir producto a lista'});">Añadir a mi lista</a>                                </div>                    <a class="article_link" title="Ver ficha de PICATOSTES RECONDO AJO 80 G" href="/PICATOSTES-RECONDO-AJO-80-G_211391_prd_es_ES.jsp" onclick="javascript:callingTaggingEnpoints('')" itemprop="url"></a>                <div class="hover_container">            <div class="hover">                <div class="info_symbol"></div>            </div>        </div>                    </article>            </li>                    <li class="article" itemprop="itemListElement" itemscope="" itemtype="http://schema.org/Product">                    <article class="article_container" id="item_description_125396">            <a class="article_name" title="Ver ficha de PAN RALLADO SCHAR  300 G" href="/PAN-RALLADO-SCHAR-300-G_125396_prd_es_ES.jsp" itemprop="url"><span itemprop="name" id="description_text">PAN RALLADO SCHAR  300 G</span></a>            <!--informacion de gluten y calorias -->        <div class="info_container">                            <span class="calories">357 <span>kcal</span></span>                <a class="info" title="Producto con 357 kilocalorías" href="javascript:void(0);">                    <span class="info_text">Producto con 357 kilocalorías.</span>                </a>                                                            <img class="info_icon" alt="10% Descuento para suscriptores Condisline Prime" src="//static.condisline.com/resize_39x39/images/product_icons/icon_subscription.png" width="39" height="39">                                            <a class="info" title="10% Descuento para suscriptores Condisline Prime" href="javascript:void(0);">                            <span class="info_text">10% Descuento para suscriptores Condisline Prime</span>                        </a>                                                        <img class="info_icon" alt="Producto sin gluten" src="//static.condisline.com/resize_39x39/images/product_icons/no_gluten.png" width="39" height="39">                                            <a class="info" title="Producto sin gluten" href="javascript:void(0);">                            <span class="info_text">Producto sin gluten</span>                        </a>                                                        <img class="info_icon" alt="Producto sin lactosa" src="//static.condisline.com/resize_39x39/images/product_icons/no_lactosa.png" width="39" height="39">                                            <a class="info" title="Producto sin lactosa" href="javascript:void(0);">                            <span class="info_text">Producto sin lactosa</span>                        </a>                                                        </div>        <img class="article_image" alt="PAN RALLADO SCHAR  300 G" data-original="//static.condisline.com/resize_190x200/images/catalog/large/125396.jpg" src="//static.condisline.com/resize_190x200/images/catalog/large/125396.jpg" width="190" height="200" style="display: block;">        <meta itemprop="image" content="//static.condisline.com/resize_190x200/images/catalog/large/125396.jpg">        <div class="article_price_container" itemprop="offers" itemscope="" itemtype="http://schema.org/Offer">            <!-- Price -->                                            <span class="article_price" itemprop="price"><span id="list_price_125396">3,07</span></span>                <span class="currency">€</span>                <script>                    formatNumber('3.07', 'list_price_125396');                </script>                        <meta itemprop="priceCurrency" content="EUR">            <div class="unit_container">                                    <a class="substract_button" title="Menos" href="javascript:void(0);">-</a>                                <label class="quantity_container">                                                                        <input class="input_quantity_product" id="item_quantity_125396" type="number" data-product="125396" value="" min="1" max="999" required="" autocomplete="off">                                                            </label>                                    <a class="add_button" title="Más" href="javascript:void(0);">+</a>                    <a class="added_tick" title="Cambiar unidades" href="javascript:void(0);"></a>                            </div>                                                <div class="article_pum">                        <span>     10,23€/Kilo</span>                    </div>                                                                            <a data-product-id="125396" class="orange_button btn_add2cart" title="Añadir al carrito" onclick="dataLayer.push({event: 'event_gtm',category:'acciones usuario', action:'a�adir producto desde listado'})" href="javascript:addToCartFromItemList('125396')">AÑADIR AL CARRITO &gt;</a>                                        <span class="added_button">En carrito</span>                                    <a class="white_button" title="Añadir a mi lista" href="javascript:addToListFromItemList('125396')" onclick="dataLayer.push({event: 'event_gtm',category:'acciones usuario', action:'a�adir producto a lista'});">Añadir a mi lista</a>                                </div>                    <a class="article_link" title="Ver ficha de PAN RALLADO SCHAR  300 G" href="/PAN-RALLADO-SCHAR-300-G_125396_prd_es_ES.jsp" onclick="javascript:callingTaggingEnpoints('')" itemprop="url"></a>                <div class="hover_container">            <div class="hover">                <div class="info_symbol"></div>            </div>        </div>                    </article>            </li>                    <li class="article" itemprop="itemListElement" itemscope="" itemtype="http://schema.org/Product">                    <article class="article_container" id="item_description_211792">            <a class="article_name" title="Ver ficha de PALITOS FINA DE CEREALES Y SEMILLAS 90 G" href="/PALITOS-FINA-DE-CEREALES-Y-SEMILLAS-90-G_211792_prd_es_ES.jsp" itemprop="url"><span itemprop="name" id="description_text">PALITOS FINA DE CEREALES Y SEMILLAS 90 G</span></a>            <!--informacion de gluten y calorias -->        <div class="info_container">                            <span class="calories">484 <span>kcal</span></span>                <a class="info" title="Producto con 484 kilocalorías" href="javascript:void(0);">                    <span class="info_text">Producto con 484 kilocalorías.</span>                </a>                                                            <img class="info_icon" alt="10% Descuento para suscriptores Condisline Prime" src="//static.condisline.com/resize_39x39/images/product_icons/icon_subscription.png" width="39" height="39">                                            <a class="info" title="10% Descuento para suscriptores Condisline Prime" href="javascript:void(0);">                            <span class="info_text">10% Descuento para suscriptores Condisline Prime</span>                        </a>                                                        </div>        <img class="article_image" alt="PALITOS FINA DE CEREALES Y SEMILLAS 90 G" data-original="//static.condisline.com/resize_190x200/images/catalog/large/211792.jpg" src="//static.condisline.com/resize_190x200/images/catalog/large/211792.jpg" width="190" height="200" style="display: block;">        <meta itemprop="image" content="//static.condisline.com/resize_190x200/images/catalog/large/211792.jpg">        <div class="article_price_container" itemprop="offers" itemscope="" itemtype="http://schema.org/Offer">            <!-- Price -->                                            <span class="article_price" itemprop="price"><span id="list_price_211792">1,03</span></span>                <span class="currency">€</span>                <script>                    formatNumber('1.03', 'list_price_211792');                </script>                        <meta itemprop="priceCurrency" content="EUR">            <div class="unit_container">                                    <a class="substract_button" title="Menos" href="javascript:void(0);">-</a>                                <label class="quantity_container">                                                                        <input class="input_quantity_product" id="item_quantity_211792" type="number" data-product="211792" value="" min="1" max="999" required="" autocomplete="off">                                                            </label>                                    <a class="add_button" title="Más" href="javascript:void(0);">+</a>                    <a class="added_tick" title="Cambiar unidades" href="javascript:void(0);"></a>                            </div>                                                <div class="article_pum">                        <span>     11,44€/Kilo</span>                    </div>                                                                            <a data-product-id="211792" class="orange_button btn_add2cart" title="Añadir al carrito" onclick="dataLayer.push({event: 'event_gtm',category:'acciones usuario', action:'a�adir producto desde listado'})" href="javascript:addToCartFromItemList('211792')">AÑADIR AL CARRITO &gt;</a>                                        <span class="added_button">En carrito</span>                                    <a class="white_button" title="Añadir a mi lista" href="javascript:addToListFromItemList('211792')" onclick="dataLayer.push({event: 'event_gtm',category:'acciones usuario', action:'a�adir producto a lista'});">Añadir a mi lista</a>                                </div>                    <a class="article_link" title="Ver ficha de PALITOS FINA DE CEREALES Y SEMILLAS 90 G" href="/PALITOS-FINA-DE-CEREALES-Y-SEMILLAS-90-G_211792_prd_es_ES.jsp" onclick="javascript:callingTaggingEnpoints('')" itemprop="url"></a>                <div class="hover_container">            <div class="hover">                <div class="info_symbol"></div>            </div>        </div>                    </article>            </li>                    <li class="article" itemprop="itemListElement" itemscope="" itemtype="http://schema.org/Product">                    <article class="article_container" id="item_description_121991">            <a class="article_name" title="Ver ficha de PAN ALEMAN SOL NATURAL BIO CENTENO 500 G" href="/PAN-ALEMAN-SOL-NATURAL-BIO-CENTENO-500-G_121991_prd_es_ES.jsp" itemprop="url"><span itemprop="name" id="description_text">PAN ALEMAN SOL NATURAL BIO CENTENO 500 G</span></a>            <!--informacion de gluten y calorias -->        <div class="info_container">                            <span class="calories">184 <span>kcal</span></span>                <a class="info" title="Producto con 184 kilocalorías" href="javascript:void(0);">                    <span class="info_text">Producto con 184 kilocalorías.</span>                </a>                                                            <img class="info_icon" alt="10% Descuento para suscriptores Condisline Prime" src="//static.condisline.com/resize_39x39/images/product_icons/icon_subscription.png" width="39" height="39">                                            <a class="info" title="10% Descuento para suscriptores Condisline Prime" href="javascript:void(0);">                            <span class="info_text">10% Descuento para suscriptores Condisline Prime</span>                        </a>                                                        <img class="info_icon" alt="Producto ecológico" src="//static.condisline.com/resize_39x39/images/product_icons/icon_eco.jpg" width="39" height="39">                                            <a class="info" title="Producto ecológico" href="javascript:void(0);">                            <span class="info_text">Producto ecológico</span>                        </a>                                                        </div>        <img class="article_image" alt="PAN ALEMAN SOL NATURAL BIO CENTENO 500 G" data-original="//static.condisline.com/resize_190x200/images/catalog/large/121991.jpg" src="//static.condisline.com/resize_190x200/images/catalog/large/121991.jpg" width="190" height="200" style="display: block;">        <meta itemprop="image" content="//static.condisline.com/resize_190x200/images/catalog/large/121991.jpg">        <div class="article_price_container" itemprop="offers" itemscope="" itemtype="http://schema.org/Offer">            <!-- Price -->                                            <span class="article_price" itemprop="price"><span id="list_price_121991">2,78</span></span>                <span class="currency">€</span>                <script>                    formatNumber('2.78', 'list_price_121991');                </script>                        <meta itemprop="priceCurrency" content="EUR">            <div class="unit_container">                                    <a class="substract_button" title="Menos" href="javascript:void(0);">-</a>                                <label class="quantity_container">                                                                        <input class="input_quantity_product" id="item_quantity_121991" type="number" data-product="121991" value="" min="1" max="999" required="" autocomplete="off">                                                            </label>                                    <a class="add_button" title="Más" href="javascript:void(0);">+</a>                    <a class="added_tick" title="Cambiar unidades" href="javascript:void(0);"></a>                            </div>                                                <div class="article_pum">                        <span>      5,56€/Kilo</span>                    </div>                                                                            <a data-product-id="121991" class="orange_button btn_add2cart" title="Añadir al carrito" onclick="dataLayer.push({event: 'event_gtm',category:'acciones usuario', action:'a�adir producto desde listado'})" href="javascript:addToCartFromItemList('121991')">AÑADIR AL CARRITO &gt;</a>                                        <span class="added_button">En carrito</span>                                    <a class="white_button" title="Añadir a mi lista" href="javascript:addToListFromItemList('121991')" onclick="dataLayer.push({event: 'event_gtm',category:'acciones usuario', action:'a�adir producto a lista'});">Añadir a mi lista</a>                                </div>                    <a class="article_link" title="Ver ficha de PAN ALEMAN SOL NATURAL BIO CENTENO 500 G" href="/PAN-ALEMAN-SOL-NATURAL-BIO-CENTENO-500-G_121991_prd_es_ES.jsp" onclick="javascript:callingTaggingEnpoints('')" itemprop="url"></a>                <div class="hover_container">            <div class="hover">                <div class="info_symbol"></div>            </div>        </div>                    </article>            </li>                    <li class="article" itemprop="itemListElement" itemscope="" itemtype="http://schema.org/Product">                    <article class="article_container" id="item_description_118041">            <a class="article_name" title="Ver ficha de HARINA GALLO INTEGRAL 1 KG" href="/HARINA-GALLO-INTEGRAL-1-KG_118041_prd_es_ES.jsp" itemprop="url"><span itemprop="name" id="description_text">HARINA GALLO INTEGRAL 1 KG</span></a>            <!--informacion de gluten y calorias -->        <div class="info_container">                            <span class="calories">330 <span>kcal</span></span>                <a class="info" title="Producto con 330 kilocalorías" href="javascript:void(0);">                    <span class="info_text">Producto con 330 kilocalorías.</span>                </a>                                                            <img class="info_icon" alt="10% Descuento para suscriptores Condisline Prime" src="//static.condisline.com/resize_39x39/images/product_icons/icon_subscription.png" width="39" height="39">                                            <a class="info" title="10% Descuento para suscriptores Condisline Prime" href="javascript:void(0);">                            <span class="info_text">10% Descuento para suscriptores Condisline Prime</span>                        </a>                                                        </div>        <img class="article_image" alt="HARINA GALLO INTEGRAL 1 KG" data-original="//static.condisline.com/resize_190x200/images/catalog/large/118041.jpg" src="//static.condisline.com/resize_190x200/images/catalog/large/118041.jpg" width="190" height="200" style="display: block;">        <meta itemprop="image" content="//static.condisline.com/resize_190x200/images/catalog/large/118041.jpg">        <div class="article_price_container" itemprop="offers" itemscope="" itemtype="http://schema.org/Offer">            <!-- Price -->                                            <span class="article_price" itemprop="price"><span id="list_price_118041">1,70</span></span>                <span class="currency">€</span>                <script>                    formatNumber('1.7', 'list_price_118041');                </script>                        <meta itemprop="priceCurrency" content="EUR">            <div class="unit_container">                                    <a class="substract_button" title="Menos" href="javascript:void(0);">-</a>                                <label class="quantity_container">                                                                        <input class="input_quantity_product" id="item_quantity_118041" type="number" data-product="118041" value="" min="1" max="999" required="" autocomplete="off">                                                            </label>                                    <a class="add_button" title="Más" href="javascript:void(0);">+</a>                    <a class="added_tick" title="Cambiar unidades" href="javascript:void(0);"></a>                            </div>                                                <div class="article_pum">                        <span>      1,70€/Kilo</span>                    </div>                                                                            <a data-product-id="118041" class="orange_button btn_add2cart" title="Añadir al carrito" onclick="dataLayer.push({event: 'event_gtm',category:'acciones usuario', action:'a�adir producto desde listado'})" href="javascript:addToCartFromItemList('118041')">AÑADIR AL CARRITO &gt;</a>                                        <span class="added_button">En carrito</span>                                    <a class="white_button" title="Añadir a mi lista" href="javascript:addToListFromItemList('118041')" onclick="dataLayer.push({event: 'event_gtm',category:'acciones usuario', action:'a�adir producto a lista'});">Añadir a mi lista</a>                                </div>                    <a class="article_link" title="Ver ficha de HARINA GALLO INTEGRAL 1 KG" href="/HARINA-GALLO-INTEGRAL-1-KG_118041_prd_es_ES.jsp" onclick="javascript:callingTaggingEnpoints('')" itemprop="url"></a>                <div class="hover_container">            <div class="hover">                <div class="info_symbol"></div>            </div>        </div>                    </article>            </li>                    <li class="article" itemprop="itemListElement" itemscope="" itemtype="http://schema.org/Product">                    <article class="article_container" id="item_description_211470">            <a class="article_name" title="Ver ficha de PANECILLOS KRISPROLLS INTEGRALES 225 G" href="/PANECILLOS-KRISPROLLS-INTEGRALES-225-G_211470_prd_es_ES.jsp" itemprop="url"><span itemprop="name" id="description_text">PANECILLOS KRISPROLLS INTEGRALES 225 G</span></a>            <!--informacion de gluten y calorias -->        <div class="info_container">                            <span class="calories">397 <span>kcal</span></span>                <a class="info" title="Producto con 397 kilocalorías" href="javascript:void(0);">                    <span class="info_text">Producto con 397 kilocalorías.</span>                </a>                                                            <img class="info_icon" alt="10% Descuento para suscriptores Condisline Prime" src="//static.condisline.com/resize_39x39/images/product_icons/icon_subscription.png" width="39" height="39">                                            <a class="info" title="10% Descuento para suscriptores Condisline Prime" href="javascript:void(0);">                            <span class="info_text">10% Descuento para suscriptores Condisline Prime</span>                        </a>                                                        </div>        <img class="article_image" alt="PANECILLOS KRISPROLLS INTEGRALES 225 G" data-original="//static.condisline.com/resize_190x200/images/catalog/large/211470.jpg" src="//static.condisline.com/resize_190x200/images/catalog/large/211470.jpg" width="190" height="200" style="display: block;">        <meta itemprop="image" content="//static.condisline.com/resize_190x200/images/catalog/large/211470.jpg">        <div class="article_price_container" itemprop="offers" itemscope="" itemtype="http://schema.org/Offer">            <!-- Price -->                                            <span class="article_price" itemprop="price"><span id="list_price_211470">3,49</span></span>                <span class="currency">€</span>                <script>                    formatNumber('3.49', 'list_price_211470');                </script>                        <meta itemprop="priceCurrency" content="EUR">            <div class="unit_container">                                    <a class="substract_button" title="Menos" href="javascript:void(0);">-</a>                                <label class="quantity_container">                                                                        <input class="input_quantity_product" id="item_quantity_211470" type="number" data-product="211470" value="" min="1" max="999" required="" autocomplete="off">                                                            </label>                                    <a class="add_button" title="Más" href="javascript:void(0);">+</a>                    <a class="added_tick" title="Cambiar unidades" href="javascript:void(0);"></a>                            </div>                                                <div class="article_pum">                        <span>     15,51€/Kilo</span>                    </div>                                                                            <a data-product-id="211470" class="orange_button btn_add2cart" title="Añadir al carrito" onclick="dataLayer.push({event: 'event_gtm',category:'acciones usuario', action:'a�adir producto desde listado'})" href="javascript:addToCartFromItemList('211470')">AÑADIR AL CARRITO &gt;</a>                                        <span class="added_button">En carrito</span>                                    <a class="white_button" title="Añadir a mi lista" href="javascript:addToListFromItemList('211470')" onclick="dataLayer.push({event: 'event_gtm',category:'acciones usuario', action:'a�adir producto a lista'});">Añadir a mi lista</a>                                </div>                    <a class="article_link" title="Ver ficha de PANECILLOS KRISPROLLS INTEGRALES 225 G" href="/PANECILLOS-KRISPROLLS-INTEGRALES-225-G_211470_prd_es_ES.jsp" onclick="javascript:callingTaggingEnpoints('')" itemprop="url"></a>                <div class="hover_container">            <div class="hover">                <div class="info_symbol"></div>            </div>        </div>                    </article>            </li>                    <li class="article" itemprop="itemListElement" itemscope="" itemtype="http://schema.org/Product">                    <article class="article_container" id="item_description_118072">            <a class="article_name" title="Ver ficha de HARINA GALLO BIZCOCHOS 1 KG" href="/HARINA-GALLO-BIZCOCHOS-1-KG_118072_prd_es_ES.jsp" itemprop="url"><span itemprop="name" id="description_text">HARINA GALLO BIZCOCHOS 1 KG</span></a>            <!--informacion de gluten y calorias -->        <div class="info_container">                                                            <img class="info_icon" alt="10% Descuento para suscriptores Condisline Prime" src="//static.condisline.com/resize_39x39/images/product_icons/icon_subscription.png" width="39" height="39">                                            <a class="info" title="10% Descuento para suscriptores Condisline Prime" href="javascript:void(0);">                            <span class="info_text">10% Descuento para suscriptores Condisline Prime</span>                        </a>                                                        </div>        <img class="article_image" alt="HARINA GALLO BIZCOCHOS 1 KG" data-original="//static.condisline.com/resize_190x200/images/catalog/large/118072.jpg" src="//static.condisline.com/resize_190x200/images/catalog/large/118072.jpg" width="190" height="200" style="display: block;">        <meta itemprop="image" content="//static.condisline.com/resize_190x200/images/catalog/large/118072.jpg">        <div class="article_price_container" itemprop="offers" itemscope="" itemtype="http://schema.org/Offer">            <!-- Price -->                                            <span class="article_price" itemprop="price"><span id="list_price_118072">1,71</span></span>                <span class="currency">€</span>                <script>                    formatNumber('1.71', 'list_price_118072');                </script>                        <meta itemprop="priceCurrency" content="EUR">            <div class="unit_container">                                    <a class="substract_button" title="Menos" href="javascript:void(0);">-</a>                                <label class="quantity_container">                                                                        <input class="input_quantity_product" id="item_quantity_118072" type="number" data-product="118072" value="" min="1" max="999" required="" autocomplete="off">                                                            </label>                                    <a class="add_button" title="Más" href="javascript:void(0);">+</a>                    <a class="added_tick" title="Cambiar unidades" href="javascript:void(0);"></a>                            </div>                                                <div class="article_pum">                        <span>      1,71€/Kilo</span>                    </div>                                                                            <a data-product-id="118072" class="orange_button btn_add2cart" title="Añadir al carrito" onclick="dataLayer.push({event: 'event_gtm',category:'acciones usuario', action:'a�adir producto desde listado'})" href="javascript:addToCartFromItemList('118072')">AÑADIR AL CARRITO &gt;</a>                                        <span class="added_button">En carrito</span>                                    <a class="white_button" title="Añadir a mi lista" href="javascript:addToListFromItemList('118072')" onclick="dataLayer.push({event: 'event_gtm',category:'acciones usuario', action:'a�adir producto a lista'});">Añadir a mi lista</a>                                </div>                    <a class="article_link" title="Ver ficha de HARINA GALLO BIZCOCHOS 1 KG" href="/HARINA-GALLO-BIZCOCHOS-1-KG_118072_prd_es_ES.jsp" onclick="javascript:callingTaggingEnpoints('')" itemprop="url"></a>                <div class="hover_container">            <div class="hover">                <div class="info_symbol"></div>            </div>        </div>                    </article>            </li>                    <li class="article" itemprop="itemListElement" itemscope="" itemtype="http://schema.org/Product">                    <article class="article_container" id="item_description_491951">            <a class="article_name" title="Ver ficha de HARINA LAS PANAERAS FREIR 500 G" href="/HARINA-LAS-PANAERAS-FREIR-500-G_491951_prd_es_ES.jsp" itemprop="url"><span itemprop="name" id="description_text">HARINA LAS PANAERAS FREIR 500 G</span></a>            <!--informacion de gluten y calorias -->        <div class="info_container">                            <span class="calories">351 <span>kcal</span></span>                <a class="info" title="Producto con 351 kilocalorías" href="javascript:void(0);">                    <span class="info_text">Producto con 351 kilocalorías.</span>                </a>                                                            <img class="info_icon" alt="10% Descuento para suscriptores Condisline Prime" src="//static.condisline.com/resize_39x39/images/product_icons/icon_subscription.png" width="39" height="39">                                            <a class="info" title="10% Descuento para suscriptores Condisline Prime" href="javascript:void(0);">                            <span class="info_text">10% Descuento para suscriptores Condisline Prime</span>                        </a>                                                        </div>        <img class="article_image" alt="HARINA LAS PANAERAS FREIR 500 G" data-original="//static.condisline.com/resize_190x200/images/catalog/large/491951.jpg" src="//static.condisline.com/resize_190x200/images/catalog/large/491951.jpg" width="190" height="200" style="display: block;">        <meta itemprop="image" content="//static.condisline.com/resize_190x200/images/catalog/large/491951.jpg">        <div class="article_price_container" itemprop="offers" itemscope="" itemtype="http://schema.org/Offer">            <!-- Price -->                                            <span class="article_price" itemprop="price"><span id="list_price_491951">1,95</span></span>                <span class="currency">€</span>                <script>                    formatNumber('1.95', 'list_price_491951');                </script>                        <meta itemprop="priceCurrency" content="EUR">            <div class="unit_container">                                    <a class="substract_button" title="Menos" href="javascript:void(0);">-</a>                                <label class="quantity_container">                                                                        <input class="input_quantity_product" id="item_quantity_491951" type="number" data-product="491951" value="" min="1" max="999" required="" autocomplete="off">                                                            </label>                                    <a class="add_button" title="Más" href="javascript:void(0);">+</a>                    <a class="added_tick" title="Cambiar unidades" href="javascript:void(0);"></a>                            </div>                                                <div class="article_pum">                        <span>      3,90€/Kilo</span>                    </div>                                                                            <a data-product-id="491951" class="orange_button btn_add2cart" title="Añadir al carrito" onclick="dataLayer.push({event: 'event_gtm',category:'acciones usuario', action:'a�adir producto desde listado'})" href="javascript:addToCartFromItemList('491951')">AÑADIR AL CARRITO &gt;</a>                                        <span class="added_button">En carrito</span>                                    <a class="white_button" title="Añadir a mi lista" href="javascript:addToListFromItemList('491951')" onclick="dataLayer.push({event: 'event_gtm',category:'acciones usuario', action:'a�adir producto a lista'});">Añadir a mi lista</a>                                </div>                    <a class="article_link" title="Ver ficha de HARINA LAS PANAERAS FREIR 500 G" href="/HARINA-LAS-PANAERAS-FREIR-500-G_491951_prd_es_ES.jsp" onclick="javascript:callingTaggingEnpoints('')" itemprop="url"></a>                <div class="hover_container">            <div class="hover">                <div class="info_symbol"></div>            </div>        </div>                    </article>            </li>                    <li class="article" itemprop="itemListElement" itemscope="" itemtype="http://schema.org/Product">                    <article class="article_container" id="item_description_211798">            <a class="article_name" title="Ver ficha de MINI CHAPAT LA RÚSTICA PASAS 135 G" href="/MINI-CHAPAT-LA-RUSTICA-PASAS-135-G_211798_prd_es_ES.jsp" itemprop="url"><span itemprop="name" id="description_text">MINI CHAPAT LA RÚSTICA PASAS 135 G</span></a>            <!--informacion de gluten y calorias -->        <div class="info_container">                                                            <img class="info_icon" alt="10% Descuento para suscriptores Condisline Prime" src="//static.condisline.com/resize_39x39/images/product_icons/icon_subscription.png" width="39" height="39">                                            <a class="info" title="10% Descuento para suscriptores Condisline Prime" href="javascript:void(0);">                            <span class="info_text">10% Descuento para suscriptores Condisline Prime</span>                        </a>                                                        </div>        <img class="article_image" alt="MINI CHAPAT LA RÚSTICA PASAS 135 G" data-original="//static.condisline.com/resize_190x200/images/catalog/large/211798.jpg" src="//static.condisline.com/resize_190x200/images/catalog/large/211798.jpg" width="190" height="200" style="display: block;">        <meta itemprop="image" content="//static.condisline.com/resize_190x200/images/catalog/large/211798.jpg">        <div class="article_price_container" itemprop="offers" itemscope="" itemtype="http://schema.org/Offer">            <!-- Price -->                                            <span class="article_price" itemprop="price"><span id="list_price_211798">2,07</span></span>                <span class="currency">€</span>                <script>                    formatNumber('2.07', 'list_price_211798');                </script>                        <meta itemprop="priceCurrency" content="EUR">            <div class="unit_container">                                    <a class="substract_button" title="Menos" href="javascript:void(0);">-</a>                                <label class="quantity_container">                                                                        <input class="input_quantity_product" id="item_quantity_211798" type="number" data-product="211798" value="" min="1" max="999" required="" autocomplete="off">                                                            </label>                                    <a class="add_button" title="Más" href="javascript:void(0);">+</a>                    <a class="added_tick" title="Cambiar unidades" href="javascript:void(0);"></a>                            </div>                                                <div class="article_pum">                        <span>     15,33€/Kilo</span>                    </div>                                                                            <a data-product-id="211798" class="orange_button btn_add2cart" title="Añadir al carrito" onclick="dataLayer.push({event: 'event_gtm',category:'acciones usuario', action:'a�adir producto desde listado'})" href="javascript:addToCartFromItemList('211798')">AÑADIR AL CARRITO &gt;</a>                                        <span class="added_button">En carrito</span>                                    <a class="white_button" title="Añadir a mi lista" href="javascript:addToListFromItemList('211798')" onclick="dataLayer.push({event: 'event_gtm',category:'acciones usuario', action:'a�adir producto a lista'});">Añadir a mi lista</a>                                </div>                    <a class="article_link" title="Ver ficha de MINI CHAPAT LA RÚSTICA PASAS 135 G" href="/MINI-CHAPAT-LA-RUSTICA-PASAS-135-G_211798_prd_es_ES.jsp" onclick="javascript:callingTaggingEnpoints('')" itemprop="url"></a>                <div class="hover_container">            <div class="hover">                <div class="info_symbol"></div>            </div>        </div>                    </article>            </li>                    <li class="article" itemprop="itemListElement" itemscope="" itemtype="http://schema.org/Product">                    <article class="article_container" id="item_description_216798">            <a class="article_name" title="Ver ficha de PAN MONTES LARA CRISTAL 120 G" href="/PAN-MONTES-LARA-CRISTAL-120-G_216798_prd_es_ES.jsp" itemprop="url"><span itemprop="name" id="description_text">PAN MONTES LARA CRISTAL 120 G</span></a>            <!--informacion de gluten y calorias -->        <div class="info_container">                            <span class="calories">372 <span>kcal</span></span>                <a class="info" title="Producto con 372 kilocalorías" href="javascript:void(0);">                    <span class="info_text">Producto con 372 kilocalorías.</span>                </a>                                                            <img class="info_icon" alt="10% Descuento para suscriptores Condisline Prime" src="//static.condisline.com/resize_39x39/images/product_icons/icon_subscription.png" width="39" height="39">                                            <a class="info" title="10% Descuento para suscriptores Condisline Prime" href="javascript:void(0);">                            <span class="info_text">10% Descuento para suscriptores Condisline Prime</span>                        </a>                                                        </div>        <img class="article_image" alt="PAN MONTES LARA CRISTAL 120 G" data-original="//static.condisline.com/resize_190x200/images/catalog/large/216798.jpg" src="//static.condisline.com/resize_190x200/images/catalog/large/216798.jpg" width="190" height="200" style="display: block;">        <meta itemprop="image" content="//static.condisline.com/resize_190x200/images/catalog/large/216798.jpg">        <div class="article_price_container" itemprop="offers" itemscope="" itemtype="http://schema.org/Offer">            <!-- Price -->                                            <span class="article_price" itemprop="price"><span id="list_price_216798">1,89</span></span>                <span class="currency">€</span>                <script>                    formatNumber('1.89', 'list_price_216798');                </script>                        <meta itemprop="priceCurrency" content="EUR">            <div class="unit_container">                                    <a class="substract_button" title="Menos" href="javascript:void(0);">-</a>                                <label class="quantity_container">                                                                        <input class="input_quantity_product" id="item_quantity_216798" type="number" data-product="216798" value="" min="1" max="999" required="" autocomplete="off">                                                            </label>                                    <a class="add_button" title="Más" href="javascript:void(0);">+</a>                    <a class="added_tick" title="Cambiar unidades" href="javascript:void(0);"></a>                            </div>                                                <div class="article_pum">                        <span>     15,75€/Kilo</span>                    </div>                                                                            <a data-product-id="216798" class="orange_button btn_add2cart" title="Añadir al carrito" onclick="dataLayer.push({event: 'event_gtm',category:'acciones usuario', action:'a�adir producto desde listado'})" href="javascript:addToCartFromItemList('216798')">AÑADIR AL CARRITO &gt;</a>                                        <span class="added_button">En carrito</span>                                    <a class="white_button" title="Añadir a mi lista" href="javascript:addToListFromItemList('216798')" onclick="dataLayer.push({event: 'event_gtm',category:'acciones usuario', action:'a�adir producto a lista'});">Añadir a mi lista</a>                                </div>                    <a class="article_link" title="Ver ficha de PAN MONTES LARA CRISTAL 120 G" href="/PAN-MONTES-LARA-CRISTAL-120-G_216798_prd_es_ES.jsp" onclick="javascript:callingTaggingEnpoints('')" itemprop="url"></a>                <div class="hover_container">            <div class="hover">                <div class="info_symbol"></div>            </div>        </div>                    </article>            </li>                    <li class="article" itemprop="itemListElement" itemscope="" itemtype="http://schema.org/Product">                    <article class="article_container" id="item_description_211799">            <a class="article_name" title="Ver ficha de MINI CHAPAT LA RÚSTICA ACEITE OLIVA 120 G" href="/MINI-CHAPAT-LA-RUSTICA-ACEITE-OLIVA-120-G_211799_prd_es_ES.jsp" itemprop="url"><span itemprop="name" id="description_text">MINI CHAPAT LA RÚSTICA ACEITE OLIVA 120 G</span></a>            <!--informacion de gluten y calorias -->        <div class="info_container">                                                            <img class="info_icon" alt="10% Descuento para suscriptores Condisline Prime" src="//static.condisline.com/resize_39x39/images/product_icons/icon_subscription.png" width="39" height="39">                                            <a class="info" title="10% Descuento para suscriptores Condisline Prime" href="javascript:void(0);">                            <span class="info_text">10% Descuento para suscriptores Condisline Prime</span>                        </a>                                                        </div>        <img class="article_image" alt="MINI CHAPAT LA RÚSTICA ACEITE OLIVA 120 G" data-original="//static.condisline.com/resize_190x200/images/catalog/large/211799.jpg" src="//static.condisline.com/resize_190x200/images/catalog/large/211799.jpg" width="190" height="200" style="display: block;">        <meta itemprop="image" content="//static.condisline.com/resize_190x200/images/catalog/large/211799.jpg">        <div class="article_price_container" itemprop="offers" itemscope="" itemtype="http://schema.org/Offer">            <!-- Price -->                                            <span class="article_price" itemprop="price"><span id="list_price_211799">1,98</span></span>                <span class="currency">€</span>                <script>                    formatNumber('1.98', 'list_price_211799');                </script>                        <meta itemprop="priceCurrency" content="EUR">            <div class="unit_container">                                    <a class="substract_button" title="Menos" href="javascript:void(0);">-</a>                                <label class="quantity_container">                                                                        <input class="input_quantity_product" id="item_quantity_211799" type="number" data-product="211799" value="" min="1" max="999" required="" autocomplete="off">                                                            </label>                                    <a class="add_button" title="Más" href="javascript:void(0);">+</a>                    <a class="added_tick" title="Cambiar unidades" href="javascript:void(0);"></a>                            </div>                                                <div class="article_pum">                        <span>     16,50€/Kilo</span>                    </div>                                                                            <a data-product-id="211799" class="orange_button btn_add2cart" title="Añadir al carrito" onclick="dataLayer.push({event: 'event_gtm',category:'acciones usuario', action:'a�adir producto desde listado'})" href="javascript:addToCartFromItemList('211799')">AÑADIR AL CARRITO &gt;</a>                                        <span class="added_button">En carrito</span>                                    <a class="white_button" title="Añadir a mi lista" href="javascript:addToListFromItemList('211799')" onclick="dataLayer.push({event: 'event_gtm',category:'acciones usuario', action:'a�adir producto a lista'});">Añadir a mi lista</a>                                </div>                    <a class="article_link" title="Ver ficha de MINI CHAPAT LA RÚSTICA ACEITE OLIVA 120 G" href="/MINI-CHAPAT-LA-RUSTICA-ACEITE-OLIVA-120-G_211799_prd_es_ES.jsp" onclick="javascript:callingTaggingEnpoints('')" itemprop="url"></a>                <div class="hover_container">            <div class="hover">                <div class="info_symbol"></div>            </div>        </div>                    </article>            </li>                    <li class="article" itemprop="itemListElement" itemscope="" itemtype="http://schema.org/Product">                    <article class="article_container" id="item_description_118057">            <a class="article_name" title="Ver ficha de HARINA GALLO MIX SIN GLUTEN 500 G" href="/HARINA-GALLO-MIX-SIN-GLUTEN-500-G_118057_prd_es_ES.jsp" itemprop="url"><span itemprop="name" id="description_text">HARINA GALLO MIX SIN GLUTEN 500 G</span></a>            <!--informacion de gluten y calorias -->        <div class="info_container">                            <span class="calories">337 <span>kcal</span></span>                <a class="info" title="Producto con 337 kilocalorías" href="javascript:void(0);">                    <span class="info_text">Producto con 337 kilocalorías.</span>                </a>                                                            <img class="info_icon" alt="10% Descuento para suscriptores Condisline Prime" src="//static.condisline.com/resize_39x39/images/product_icons/icon_subscription.png" width="39" height="39">                                            <a class="info" title="10% Descuento para suscriptores Condisline Prime" href="javascript:void(0);">                            <span class="info_text">10% Descuento para suscriptores Condisline Prime</span>                        </a>                                                        <img class="info_icon" alt="Producto sin gluten" src="//static.condisline.com/resize_39x39/images/product_icons/no_gluten.png" width="39" height="39">                                            <a class="info" title="Producto sin gluten" href="javascript:void(0);">                            <span class="info_text">Producto sin gluten</span>                        </a>                                                        </div>        <img class="article_image" alt="HARINA GALLO MIX SIN GLUTEN 500 G" data-original="//static.condisline.com/resize_190x200/images/catalog/large/118057.jpg" src="//static.condisline.com/resize_190x200/images/catalog/large/118057.jpg" width="190" height="200" style="display: block;">        <meta itemprop="image" content="//static.condisline.com/resize_190x200/images/catalog/large/118057.jpg">        <div class="article_price_container" itemprop="offers" itemscope="" itemtype="http://schema.org/Offer">            <!-- Price -->                                            <span class="article_price" itemprop="price"><span id="list_price_118057">3,05</span></span>                <span class="currency">€</span>                <script>                    formatNumber('3.05', 'list_price_118057');                </script>                        <meta itemprop="priceCurrency" content="EUR">            <div class="unit_container">                                    <a class="substract_button" title="Menos" href="javascript:void(0);">-</a>                                <label class="quantity_container">                                                                        <input class="input_quantity_product" id="item_quantity_118057" type="number" data-product="118057" value="" min="1" max="999" required="" autocomplete="off">                                                            </label>                                    <a class="add_button" title="Más" href="javascript:void(0);">+</a>                    <a class="added_tick" title="Cambiar unidades" href="javascript:void(0);"></a>                            </div>                                                <div class="article_pum">                        <span>      6,10€/Kilo</span>                    </div>                                                                            <a data-product-id="118057" class="orange_button btn_add2cart" title="Añadir al carrito" onclick="dataLayer.push({event: 'event_gtm',category:'acciones usuario', action:'a�adir producto desde listado'})" href="javascript:addToCartFromItemList('118057')">AÑADIR AL CARRITO &gt;</a>                                        <span class="added_button">En carrito</span>                                    <a class="white_button" title="Añadir a mi lista" href="javascript:addToListFromItemList('118057')" onclick="dataLayer.push({event: 'event_gtm',category:'acciones usuario', action:'a�adir producto a lista'});">Añadir a mi lista</a>                                </div>                    <a class="article_link" title="Ver ficha de HARINA GALLO MIX SIN GLUTEN 500 G" href="/HARINA-GALLO-MIX-SIN-GLUTEN-500-G_118057_prd_es_ES.jsp" onclick="javascript:callingTaggingEnpoints('')" itemprop="url"></a>                <div class="hover_container">            <div class="hover">                <div class="info_symbol"></div>            </div>        </div>                    </article>            </li>                    <li class="article" itemprop="itemListElement" itemscope="" itemtype="http://schema.org/Product">                    <article class="article_container" id="item_description_118056">            <a class="article_name" title="Ver ficha de HARINA NOMEN ARROZ 500 G" href="/HARINA-NOMEN-ARROZ-500-G_118056_prd_es_ES.jsp" itemprop="url"><span itemprop="name" id="description_text">HARINA NOMEN ARROZ 500 G</span></a>            <!--informacion de gluten y calorias -->        <div class="info_container">                            <span class="calories">341 <span>kcal</span></span>                <a class="info" title="Producto con 341 kilocalorías" href="javascript:void(0);">                    <span class="info_text">Producto con 341 kilocalorías.</span>                </a>                                                            <img class="info_icon" alt="10% Descuento para suscriptores Condisline Prime" src="//static.condisline.com/resize_39x39/images/product_icons/icon_subscription.png" width="39" height="39">                                            <a class="info" title="10% Descuento para suscriptores Condisline Prime" href="javascript:void(0);">                            <span class="info_text">10% Descuento para suscriptores Condisline Prime</span>                        </a>                                                        </div>        <img class="article_image" alt="HARINA NOMEN ARROZ 500 G" data-original="//static.condisline.com/resize_190x200/images/catalog/large/118056.jpg" src="//static.condisline.com/resize_190x200/images/catalog/large/118056.jpg" width="190" height="200" style="display: block;">        <meta itemprop="image" content="//static.condisline.com/resize_190x200/images/catalog/large/118056.jpg">        <div class="article_price_container" itemprop="offers" itemscope="" itemtype="http://schema.org/Offer">            <!-- Price -->                                            <span class="article_price" itemprop="price"><span id="list_price_118056">1,35</span></span>                <span class="currency">€</span>                <script>                    formatNumber('1.35', 'list_price_118056');                </script>                        <meta itemprop="priceCurrency" content="EUR">            <div class="unit_container">                                    <a class="substract_button" title="Menos" href="javascript:void(0);">-</a>                                <label class="quantity_container">                                                                        <input class="input_quantity_product" id="item_quantity_118056" type="number" data-product="118056" value="" min="1" max="999" required="" autocomplete="off">                                                            </label>                                    <a class="add_button" title="Más" href="javascript:void(0);">+</a>                    <a class="added_tick" title="Cambiar unidades" href="javascript:void(0);"></a>                            </div>                                                <div class="article_pum">                        <span>      2,70€/Kilo</span>                    </div>                                                                            <a data-product-id="118056" class="orange_button btn_add2cart" title="Añadir al carrito" onclick="dataLayer.push({event: 'event_gtm',category:'acciones usuario', action:'a�adir producto desde listado'})" href="javascript:addToCartFromItemList('118056')">AÑADIR AL CARRITO &gt;</a>                                        <span class="added_button">En carrito</span>                                    <a class="white_button" title="Añadir a mi lista" href="javascript:addToListFromItemList('118056')" onclick="dataLayer.push({event: 'event_gtm',category:'acciones usuario', action:'a�adir producto a lista'});">Añadir a mi lista</a>                                </div>                    <a class="article_link" title="Ver ficha de HARINA NOMEN ARROZ 500 G" href="/HARINA-NOMEN-ARROZ-500-G_118056_prd_es_ES.jsp" onclick="javascript:callingTaggingEnpoints('')" itemprop="url"></a>                <div class="hover_container">            <div class="hover">                <div class="info_symbol"></div>            </div>        </div>                    </article>            </li>                    <li class="article" itemprop="itemListElement" itemscope="" itemtype="http://schema.org/Product">                    <article class="article_container" id="item_description_194205">            <a class="article_name" title="Ver ficha de PICATOSTES FLORETTE ORIGINAL 65 G" href="/PICATOSTES-FLORETTE-ORIGINAL-65-G_194205_prd_es_ES.jsp" itemprop="url"><span itemprop="name" id="description_text">PICATOSTES FLORETTE ORIGINAL 65 G</span></a>            <!--informacion de gluten y calorias -->        <div class="info_container">                            <span class="calories">456 <span>kcal</span></span>                <a class="info" title="Producto con 456 kilocalorías" href="javascript:void(0);">                    <span class="info_text">Producto con 456 kilocalorías.</span>                </a>                                                            <img class="info_icon" alt="10% Descuento para suscriptores Condisline Prime" src="//static.condisline.com/resize_39x39/images/product_icons/icon_subscription.png" width="39" height="39">                                            <a class="info" title="10% Descuento para suscriptores Condisline Prime" href="javascript:void(0);">                            <span class="info_text">10% Descuento para suscriptores Condisline Prime</span>                        </a>                                                        </div>        <img class="article_image" alt="PICATOSTES FLORETTE ORIGINAL 65 G" data-original="//static.condisline.com/resize_190x200/images/catalog/large/194205.jpg" src="//static.condisline.com/resize_190x200/images/catalog/large/194205.jpg" width="190" height="200" style="display: block;">        <meta itemprop="image" content="//static.condisline.com/resize_190x200/images/catalog/large/194205.jpg">        <div class="article_price_container" itemprop="offers" itemscope="" itemtype="http://schema.org/Offer">            <!-- Price -->                                            <span class="article_price" itemprop="price"><span id="list_price_194205">1,25</span></span>                <span class="currency">€</span>                <script>                    formatNumber('1.25', 'list_price_194205');                </script>                        <meta itemprop="priceCurrency" content="EUR">            <div class="unit_container">                                    <a class="substract_button" title="Menos" href="javascript:void(0);">-</a>                                <label class="quantity_container">                                                                        <input class="input_quantity_product" id="item_quantity_194205" type="number" data-product="194205" value="" min="1" max="999" required="" autocomplete="off">                                                            </label>                                    <a class="add_button" title="Más" href="javascript:void(0);">+</a>                    <a class="added_tick" title="Cambiar unidades" href="javascript:void(0);"></a>                            </div>                                                <div class="article_pum">                        <span>     19,23€/Kilo</span>                    </div>                                                                            <a data-product-id="194205" class="orange_button btn_add2cart" title="Añadir al carrito" onclick="dataLayer.push({event: 'event_gtm',category:'acciones usuario', action:'a�adir producto desde listado'})" href="javascript:addToCartFromItemList('194205')">AÑADIR AL CARRITO &gt;</a>                                        <span class="added_button">En carrito</span>                                    <a class="white_button" title="Añadir a mi lista" href="javascript:addToListFromItemList('194205')" onclick="dataLayer.push({event: 'event_gtm',category:'acciones usuario', action:'a�adir producto a lista'});">Añadir a mi lista</a>                                </div>                    <a class="article_link" title="Ver ficha de PICATOSTES FLORETTE ORIGINAL 65 G" href="/PICATOSTES-FLORETTE-ORIGINAL-65-G_194205_prd_es_ES.jsp" onclick="javascript:callingTaggingEnpoints('')" itemprop="url"></a>                <div class="hover_container">            <div class="hover">                <div class="info_symbol"></div>            </div>        </div>                    </article>            </li>                    <li class="article" itemprop="itemListElement" itemscope="" itemtype="http://schema.org/Product">                    <article class="article_container" id="item_description_121586">            <a class="article_name" title="Ver ficha de MASA BUITONI PARA MINI PIZZA FINISSIMA 8 UNIDADES" href="/MASA-BUITONI-PARA-MINI-PIZZA-FINISSIMA-8-UNIDADES_121586_prd_es_ES.jsp" itemprop="url"><span itemprop="name" id="description_text">MASA BUITONI PARA MINI PIZZA FINISSIMA 8 UNIDADES</span></a>            <!--informacion de gluten y calorias -->        <div class="info_container">                            <span class="calories">301 <span>kcal</span></span>                <a class="info" title="Producto con 301 kilocalorías" href="javascript:void(0);">                    <span class="info_text">Producto con 301 kilocalorías.</span>                </a>                                                            <img class="info_icon" alt="10% Descuento para suscriptores Condisline Prime" src="//static.condisline.com/resize_39x39/images/product_icons/icon_subscription.png" width="39" height="39">                                            <a class="info" title="10% Descuento para suscriptores Condisline Prime" href="javascript:void(0);">                            <span class="info_text">10% Descuento para suscriptores Condisline Prime</span>                        </a>                                                        </div>        <img class="article_image" alt="MASA BUITONI PARA MINI PIZZA FINISSIMA 8 UNIDADES" data-original="//static.condisline.com/resize_190x200/images/catalog/large/121586.jpg" src="//static.condisline.com/resize_190x200/images/catalog/large/121586.jpg" width="190" height="200" style="display: block;">        <meta itemprop="image" content="//static.condisline.com/resize_190x200/images/catalog/large/121586.jpg">        <div class="article_price_container" itemprop="offers" itemscope="" itemtype="http://schema.org/Offer">            <!-- Price -->                                            <span class="article_price" itemprop="price"><span id="list_price_121586">1,88</span></span>                <span class="currency">€</span>                <script>                    formatNumber('1.88', 'list_price_121586');                </script>                        <meta itemprop="priceCurrency" content="EUR">            <div class="unit_container">                                    <a class="substract_button" title="Menos" href="javascript:void(0);">-</a>                                <label class="quantity_container">                                                                        <input class="input_quantity_product" id="item_quantity_121586" type="number" data-product="121586" value="" min="1" max="999" required="" autocomplete="off">                                                            </label>                                    <a class="add_button" title="Más" href="javascript:void(0);">+</a>                    <a class="added_tick" title="Cambiar unidades" href="javascript:void(0);"></a>                            </div>                                                <div class="article_pum">                        <span>      7,09€/Kilo</span>                    </div>                                                                            <a data-product-id="121586" class="orange_button btn_add2cart" title="Añadir al carrito" onclick="dataLayer.push({event: 'event_gtm',category:'acciones usuario', action:'a�adir producto desde listado'})" href="javascript:addToCartFromItemList('121586')">AÑADIR AL CARRITO &gt;</a>                                        <span class="added_button">En carrito</span>                                    <a class="white_button" title="Añadir a mi lista" href="javascript:addToListFromItemList('121586')" onclick="dataLayer.push({event: 'event_gtm',category:'acciones usuario', action:'a�adir producto a lista'});">Añadir a mi lista</a>                                </div>                    <a class="article_link" title="Ver ficha de MASA BUITONI PARA MINI PIZZA FINISSIMA 8 UNIDADES" href="/MASA-BUITONI-PARA-MINI-PIZZA-FINISSIMA-8-UNIDADES_121586_prd_es_ES.jsp" onclick="javascript:callingTaggingEnpoints('')" itemprop="url"></a>                <div class="hover_container">            <div class="hover">                <div class="info_symbol"></div>            </div>        </div>                    </article>            </li>                    <li class="article" itemprop="itemListElement" itemscope="" itemtype="http://schema.org/Product">                    <article class="article_container" id="item_description_213060">            <a class="article_name" title="Ver ficha de PAN CRUJIENTE BURGER SÉSAMO 250 G" href="/PAN-CRUJIENTE-BURGER-SESAMO-250-G_213060_prd_es_ES.jsp" itemprop="url"><span itemprop="name" id="description_text">PAN CRUJIENTE BURGER SÉSAMO 250 G</span></a>            <!--informacion de gluten y calorias -->        <div class="info_container">                                                            <img class="info_icon" alt="10% Descuento para suscriptores Condisline Prime" src="//static.condisline.com/resize_39x39/images/product_icons/icon_subscription.png" width="39" height="39">                                            <a class="info" title="10% Descuento para suscriptores Condisline Prime" href="javascript:void(0);">                            <span class="info_text">10% Descuento para suscriptores Condisline Prime</span>                        </a>                                                        </div>        <img class="article_image" alt="PAN CRUJIENTE BURGER SÉSAMO 250 G" data-original="//static.condisline.com/resize_190x200/images/catalog/large/213060.jpg" src="//static.condisline.com/resize_190x200/images/catalog/large/213060.jpg" width="190" height="200" style="display: block;">        <meta itemprop="image" content="//static.condisline.com/resize_190x200/images/catalog/large/213060.jpg">        <div class="article_price_container" itemprop="offers" itemscope="" itemtype="http://schema.org/Offer">            <!-- Price -->                                            <span class="article_price" itemprop="price"><span id="list_price_213060">1,79</span></span>                <span class="currency">€</span>                <script>                    formatNumber('1.79', 'list_price_213060');                </script>                        <meta itemprop="priceCurrency" content="EUR">            <div class="unit_container">                                    <a class="substract_button" title="Menos" href="javascript:void(0);">-</a>                                <label class="quantity_container">                                                                        <input class="input_quantity_product" id="item_quantity_213060" type="number" data-product="213060" value="" min="1" max="999" required="" autocomplete="off">                                                            </label>                                    <a class="add_button" title="Más" href="javascript:void(0);">+</a>                    <a class="added_tick" title="Cambiar unidades" href="javascript:void(0);"></a>                            </div>                                                <div class="article_pum">                        <span>      7,16€/Kilo</span>                    </div>                                                                            <a data-product-id="213060" class="orange_button btn_add2cart" title="Añadir al carrito" onclick="dataLayer.push({event: 'event_gtm',category:'acciones usuario', action:'a�adir producto desde listado'})" href="javascript:addToCartFromItemList('213060')">AÑADIR AL CARRITO &gt;</a>                                        <span class="added_button">En carrito</span>                                    <a class="white_button" title="Añadir a mi lista" href="javascript:addToListFromItemList('213060')" onclick="dataLayer.push({event: 'event_gtm',category:'acciones usuario', action:'a�adir producto a lista'});">Añadir a mi lista</a>                                </div>                    <a class="article_link" title="Ver ficha de PAN CRUJIENTE BURGER SÉSAMO 250 G" href="/PAN-CRUJIENTE-BURGER-SESAMO-250-G_213060_prd_es_ES.jsp" onclick="javascript:callingTaggingEnpoints('')" itemprop="url"></a>                <div class="hover_container">            <div class="hover">                <div class="info_symbol"></div>            </div>        </div>                    </article>            </li>                    <li class="article" itemprop="itemListElement" itemscope="" itemtype="http://schema.org/Product">                    <article class="article_container" id="item_description_491953">            <a class="article_name" title="Ver ficha de HARINA LAS PANAERAS GARBANZOS 500 G" href="/HARINA-LAS-PANAERAS-GARBANZOS-500-G_491953_prd_es_ES.jsp" itemprop="url"><span itemprop="name" id="description_text">HARINA LAS PANAERAS GARBANZOS 500 G</span></a>            <!--informacion de gluten y calorias -->        <div class="info_container">                            <span class="calories">370 <span>kcal</span></span>                <a class="info" title="Producto con 370 kilocalorías" href="javascript:void(0);">                    <span class="info_text">Producto con 370 kilocalorías.</span>                </a>                                                            <img class="info_icon" alt="10% Descuento para suscriptores Condisline Prime" src="//static.condisline.com/resize_39x39/images/product_icons/icon_subscription.png" width="39" height="39">                                            <a class="info" title="10% Descuento para suscriptores Condisline Prime" href="javascript:void(0);">                            <span class="info_text">10% Descuento para suscriptores Condisline Prime</span>                        </a>                                                        </div>        <img class="article_image" alt="HARINA LAS PANAERAS GARBANZOS 500 G" data-original="//static.condisline.com/resize_190x200/images/catalog/large/491953.jpg" src="//static.condisline.com/resize_190x200/images/catalog/large/491953.jpg" width="190" height="200" style="display: block;">        <meta itemprop="image" content="//static.condisline.com/resize_190x200/images/catalog/large/491953.jpg">        <div class="article_price_container" itemprop="offers" itemscope="" itemtype="http://schema.org/Offer">            <!-- Price -->                                            <span class="article_price" itemprop="price"><span id="list_price_491953">1,95</span></span>                <span class="currency">€</span>                <script>                    formatNumber('1.95', 'list_price_491953');                </script>                        <meta itemprop="priceCurrency" content="EUR">            <div class="unit_container">                                    <a class="substract_button" title="Menos" href="javascript:void(0);">-</a>                                <label class="quantity_container">                                                                        <input class="input_quantity_product" id="item_quantity_491953" type="number" data-product="491953" value="" min="1" max="999" required="" autocomplete="off">                                                            </label>                                    <a class="add_button" title="Más" href="javascript:void(0);">+</a>                    <a class="added_tick" title="Cambiar unidades" href="javascript:void(0);"></a>                            </div>                                                <div class="article_pum">                        <span>      3,90€/Kilo</span>                    </div>                                                                            <a data-product-id="491953" class="orange_button btn_add2cart" title="Añadir al carrito" onclick="dataLayer.push({event: 'event_gtm',category:'acciones usuario', action:'a�adir producto desde listado'})" href="javascript:addToCartFromItemList('491953')">AÑADIR AL CARRITO &gt;</a>                                        <span class="added_button">En carrito</span>                                    <a class="white_button" title="Añadir a mi lista" href="javascript:addToListFromItemList('491953')" onclick="dataLayer.push({event: 'event_gtm',category:'acciones usuario', action:'a�adir producto a lista'});">Añadir a mi lista</a>                                </div>                    <a class="article_link" title="Ver ficha de HARINA LAS PANAERAS GARBANZOS 500 G" href="/HARINA-LAS-PANAERAS-GARBANZOS-500-G_491953_prd_es_ES.jsp" onclick="javascript:callingTaggingEnpoints('')" itemprop="url"></a>                <div class="hover_container">            <div class="hover">                <div class="info_symbol"></div>            </div>        </div>                    </article>            </li>                    <li class="article" itemprop="itemListElement" itemscope="" itemtype="http://schema.org/Product">                    <article class="article_container" id="item_description_217139">            <a class="article_name" title="Ver ficha de CRACKER LA RUSTICA PIPAS Y SESAMO 100 G" href="/CRACKER-LA-RUSTICA-PIPAS-Y-SESAMO-100-G_217139_prd_es_ES.jsp" itemprop="url"><span itemprop="name" id="description_text">CRACKER LA RUSTICA PIPAS Y SESAMO 100 G</span></a>            <!--informacion de gluten y calorias -->        <div class="info_container">                                                            <img class="info_icon" alt="10% Descuento para suscriptores Condisline Prime" src="//static.condisline.com/resize_39x39/images/product_icons/icon_subscription.png" width="39" height="39">                                            <a class="info" title="10% Descuento para suscriptores Condisline Prime" href="javascript:void(0);">                            <span class="info_text">10% Descuento para suscriptores Condisline Prime</span>                        </a>                                                        </div>        <img class="article_image" alt="CRACKER LA RUSTICA PIPAS Y SESAMO 100 G" data-original="//static.condisline.com/resize_190x200/images/catalog/large/217139.jpg" src="//static.condisline.com/resize_190x200/images/catalog/large/217139.jpg" width="190" height="200" style="display: block;">        <meta itemprop="image" content="//static.condisline.com/resize_190x200/images/catalog/large/217139.jpg">        <div class="article_price_container" itemprop="offers" itemscope="" itemtype="http://schema.org/Offer">            <!-- Price -->                                            <span class="article_price" itemprop="price"><span id="list_price_217139">1,85</span></span>                <span class="currency">€</span>                <script>                    formatNumber('1.85', 'list_price_217139');                </script>                        <meta itemprop="priceCurrency" content="EUR">            <div class="unit_container">                                    <a class="substract_button" title="Menos" href="javascript:void(0);">-</a>                                <label class="quantity_container">                                                                        <input class="input_quantity_product" id="item_quantity_217139" type="number" data-product="217139" value="" min="1" max="999" required="" autocomplete="off">                                                            </label>                                    <a class="add_button" title="Más" href="javascript:void(0);">+</a>                    <a class="added_tick" title="Cambiar unidades" href="javascript:void(0);"></a>                            </div>                                                <div class="article_pum">                        <span>     18,50€/Kilo</span>                    </div>                                                                            <a data-product-id="217139" class="orange_button btn_add2cart" title="Añadir al carrito" onclick="dataLayer.push({event: 'event_gtm',category:'acciones usuario', action:'a�adir producto desde listado'})" href="javascript:addToCartFromItemList('217139')">AÑADIR AL CARRITO &gt;</a>                                        <span class="added_button">En carrito</span>                                    <a class="white_button" title="Añadir a mi lista" href="javascript:addToListFromItemList('217139')" onclick="dataLayer.push({event: 'event_gtm',category:'acciones usuario', action:'a�adir producto a lista'});">Añadir a mi lista</a>                                </div>                    <a class="article_link" title="Ver ficha de CRACKER LA RUSTICA PIPAS Y SESAMO 100 G" href="/CRACKER-LA-RUSTICA-PIPAS-Y-SESAMO-100-G_217139_prd_es_ES.jsp" onclick="javascript:callingTaggingEnpoints('')" itemprop="url"></a>                <div class="hover_container">            <div class="hover">                <div class="info_symbol"></div>            </div>        </div>                    </article>            </li>                    <li class="article" itemprop="itemListElement" itemscope="" itemtype="http://schema.org/Product">                    <article class="article_container" id="item_description_217137">            <a class="article_name" title="Ver ficha de CRACKER LA RUSTICA PIPAS Y AMAPOL 100 G" href="/CRACKER-LA-RUSTICA-PIPAS-Y-AMAPOL-100-G_217137_prd_es_ES.jsp" itemprop="url"><span itemprop="name" id="description_text">CRACKER LA RUSTICA PIPAS Y AMAPOL 100 G</span></a>            <!--informacion de gluten y calorias -->        <div class="info_container">                                                            <img class="info_icon" alt="10% Descuento para suscriptores Condisline Prime" src="//static.condisline.com/resize_39x39/images/product_icons/icon_subscription.png" width="39" height="39">                                            <a class="info" title="10% Descuento para suscriptores Condisline Prime" href="javascript:void(0);">                            <span class="info_text">10% Descuento para suscriptores Condisline Prime</span>                        </a>                                                        </div>        <img class="article_image" alt="CRACKER LA RUSTICA PIPAS Y AMAPOL 100 G" data-original="//static.condisline.com/resize_190x200/images/catalog/large/217137.jpg" src="//static.condisline.com/resize_190x200/images/catalog/large/217137.jpg" width="190" height="200" style="display: block;">        <meta itemprop="image" content="//static.condisline.com/resize_190x200/images/catalog/large/217137.jpg">        <div class="article_price_container" itemprop="offers" itemscope="" itemtype="http://schema.org/Offer">            <!-- Price -->                                            <span class="article_price" itemprop="price"><span id="list_price_217137">1,85</span></span>                <span class="currency">€</span>                <script>                    formatNumber('1.85', 'list_price_217137');                </script>                        <meta itemprop="priceCurrency" content="EUR">            <div class="unit_container">                                    <a class="substract_button" title="Menos" href="javascript:void(0);">-</a>                                <label class="quantity_container">                                                                        <input class="input_quantity_product" id="item_quantity_217137" type="number" data-product="217137" value="" min="1" max="999" required="" autocomplete="off">                                                            </label>                                    <a class="add_button" title="Más" href="javascript:void(0);">+</a>                    <a class="added_tick" title="Cambiar unidades" href="javascript:void(0);"></a>                            </div>                                                <div class="article_pum">                        <span>     18,50€/Kilo</span>                    </div>                                                                            <a data-product-id="217137" class="orange_button btn_add2cart" title="Añadir al carrito" onclick="dataLayer.push({event: 'event_gtm',category:'acciones usuario', action:'a�adir producto desde listado'})" href="javascript:addToCartFromItemList('217137')">AÑADIR AL CARRITO &gt;</a>                                        <span class="added_button">En carrito</span>                                    <a class="white_button" title="Añadir a mi lista" href="javascript:addToListFromItemList('217137')" onclick="dataLayer.push({event: 'event_gtm',category:'acciones usuario', action:'a�adir producto a lista'});">Añadir a mi lista</a>                                </div>                    <a class="article_link" title="Ver ficha de CRACKER LA RUSTICA PIPAS Y AMAPOL 100 G" href="/CRACKER-LA-RUSTICA-PIPAS-Y-AMAPOL-100-G_217137_prd_es_ES.jsp" onclick="javascript:callingTaggingEnpoints('')" itemprop="url"></a>                <div class="hover_container">            <div class="hover">                <div class="info_symbol"></div>            </div>        </div>                    </article>            </li>                    <li class="article" itemprop="itemListElement" itemscope="" itemtype="http://schema.org/Product">                    <article class="article_container" id="item_description_216966">            <a class="article_name" title="Ver ficha de BOCADITOS SNATTS JAMÓN Y TOMATE 110 G" href="/BOCADITOS-SNATTS-JAMON-Y-TOMATE-110-G_216966_prd_es_ES.jsp" itemprop="url"><span itemprop="name" id="description_text">BOCADITOS SNATTS JAMÓN Y TOMATE 110 G</span></a>            <!--informacion de gluten y calorias -->        <div class="info_container">                                                            <img class="info_icon" alt="10% Descuento para suscriptores Condisline Prime" src="//static.condisline.com/resize_39x39/images/product_icons/icon_subscription.png" width="39" height="39">                                            <a class="info" title="10% Descuento para suscriptores Condisline Prime" href="javascript:void(0);">                            <span class="info_text">10% Descuento para suscriptores Condisline Prime</span>                        </a>                                                        </div>        <img class="article_image" alt="BOCADITOS SNATTS JAMÓN Y TOMATE 110 G" data-original="//static.condisline.com/resize_190x200/images/catalog/large/216966.jpg" src="//static.condisline.com/resize_190x200/images/catalog/large/216966.jpg" width="190" height="200" style="display: block;">        <meta itemprop="image" content="//static.condisline.com/resize_190x200/images/catalog/large/216966.jpg">        <div class="article_price_container" itemprop="offers" itemscope="" itemtype="http://schema.org/Offer">            <!-- Price -->                                            <span class="article_price" itemprop="price"><span id="list_price_216966">1,40</span></span>                <span class="currency">€</span>                <script>                    formatNumber('1.4', 'list_price_216966');                </script>                        <meta itemprop="priceCurrency" content="EUR">            <div class="unit_container">                                    <a class="substract_button" title="Menos" href="javascript:void(0);">-</a>                                <label class="quantity_container">                                                                        <input class="input_quantity_product" id="item_quantity_216966" type="number" data-product="216966" value="" min="1" max="999" required="" autocomplete="off">                                                            </label>                                    <a class="add_button" title="Más" href="javascript:void(0);">+</a>                    <a class="added_tick" title="Cambiar unidades" href="javascript:void(0);"></a>                            </div>                                                <div class="article_pum">                        <span>     12,73€/Kilo</span>                    </div>                                                                            <a data-product-id="216966" class="orange_button btn_add2cart" title="Añadir al carrito" onclick="dataLayer.push({event: 'event_gtm',category:'acciones usuario', action:'a�adir producto desde listado'})" href="javascript:addToCartFromItemList('216966')">AÑADIR AL CARRITO &gt;</a>                                        <span class="added_button">En carrito</span>                                    <a class="white_button" title="Añadir a mi lista" href="javascript:addToListFromItemList('216966')" onclick="dataLayer.push({event: 'event_gtm',category:'acciones usuario', action:'a�adir producto a lista'});">Añadir a mi lista</a>                                </div>                    <a class="article_link" title="Ver ficha de BOCADITOS SNATTS JAMÓN Y TOMATE 110 G" href="/BOCADITOS-SNATTS-JAMON-Y-TOMATE-110-G_216966_prd_es_ES.jsp" onclick="javascript:callingTaggingEnpoints('')" itemprop="url"></a>                <div class="hover_container">            <div class="hover">                <div class="info_symbol"></div>            </div>        </div>                    </article>            </li>                    <li class="article" itemprop="itemListElement" itemscope="" itemtype="http://schema.org/Product">                    <article class="article_container" id="item_description_213059">            <a class="article_name" title="Ver ficha de PAN CRUJIENTE BURGER DELICACY 250 G" href="/PAN-CRUJIENTE-BURGER-DELICACY-250-G_213059_prd_es_ES.jsp" itemprop="url"><span itemprop="name" id="description_text">PAN CRUJIENTE BURGER DELICACY 250 G</span></a>            <!--informacion de gluten y calorias -->        <div class="info_container">                                                            <img class="info_icon" alt="10% Descuento para suscriptores Condisline Prime" src="//static.condisline.com/resize_39x39/images/product_icons/icon_subscription.png" width="39" height="39">                                            <a class="info" title="10% Descuento para suscriptores Condisline Prime" href="javascript:void(0);">                            <span class="info_text">10% Descuento para suscriptores Condisline Prime</span>                        </a>                                                        </div>        <img class="article_image" alt="PAN CRUJIENTE BURGER DELICACY 250 G" data-original="//static.condisline.com/resize_190x200/images/catalog/large/213059.jpg" src="//static.condisline.com/resize_190x200/images/catalog/large/213059.jpg" width="190" height="200" style="display: block;">        <meta itemprop="image" content="//static.condisline.com/resize_190x200/images/catalog/large/213059.jpg">        <div class="article_price_container" itemprop="offers" itemscope="" itemtype="http://schema.org/Offer">            <!-- Price -->                                            <span class="article_price" itemprop="price"><span id="list_price_213059">1,79</span></span>                <span class="currency">€</span>                <script>                    formatNumber('1.79', 'list_price_213059');                </script>                        <meta itemprop="priceCurrency" content="EUR">            <div class="unit_container">                                    <a class="substract_button" title="Menos" href="javascript:void(0);">-</a>                                <label class="quantity_container">                                                                        <input class="input_quantity_product" id="item_quantity_213059" type="number" data-product="213059" value="" min="1" max="999" required="" autocomplete="off">                                                            </label>                                    <a class="add_button" title="Más" href="javascript:void(0);">+</a>                    <a class="added_tick" title="Cambiar unidades" href="javascript:void(0);"></a>                            </div>                                                <div class="article_pum">                        <span>      7,16€/Kilo</span>                    </div>                                                                            <a data-product-id="213059" class="orange_button btn_add2cart" title="Añadir al carrito" onclick="dataLayer.push({event: 'event_gtm',category:'acciones usuario', action:'a�adir producto desde listado'})" href="javascript:addToCartFromItemList('213059')">AÑADIR AL CARRITO &gt;</a>                                        <span class="added_button">En carrito</span>                                    <a class="white_button" title="Añadir a mi lista" href="javascript:addToListFromItemList('213059')" onclick="dataLayer.push({event: 'event_gtm',category:'acciones usuario', action:'a�adir producto a lista'});">Añadir a mi lista</a>                                </div>                    <a class="article_link" title="Ver ficha de PAN CRUJIENTE BURGER DELICACY 250 G" href="/PAN-CRUJIENTE-BURGER-DELICACY-250-G_213059_prd_es_ES.jsp" onclick="javascript:callingTaggingEnpoints('')" itemprop="url"></a>                <div class="hover_container">            <div class="hover">                <div class="info_symbol"></div>            </div>        </div>                    </article>            </li>                    <li class="article" itemprop="itemListElement" itemscope="" itemtype="http://schema.org/Product">                    <article class="article_container" id="item_description_211793">            <a class="article_name" title="Ver ficha de PALITOS FINA QUESO 90 G" href="/PALITOS-FINA-QUESO-90-G_211793_prd_es_ES.jsp" itemprop="url"><span itemprop="name" id="description_text">PALITOS FINA QUESO 90 G</span></a>            <!--informacion de gluten y calorias -->        <div class="info_container">                            <span class="calories">478 <span>kcal</span></span>                <a class="info" title="Producto con 478 kilocalorías" href="javascript:void(0);">                    <span class="info_text">Producto con 478 kilocalorías.</span>                </a>                                                            <img class="info_icon" alt="10% Descuento para suscriptores Condisline Prime" src="//static.condisline.com/resize_39x39/images/product_icons/icon_subscription.png" width="39" height="39">                                            <a class="info" title="10% Descuento para suscriptores Condisline Prime" href="javascript:void(0);">                            <span class="info_text">10% Descuento para suscriptores Condisline Prime</span>                        </a>                                                        </div>        <img class="article_image" alt="PALITOS FINA QUESO 90 G" data-original="//static.condisline.com/resize_190x200/images/catalog/large/211793.jpg" src="//static.condisline.com/resize_190x200/images/catalog/large/211793.jpg" width="190" height="200" style="display: block;">        <meta itemprop="image" content="//static.condisline.com/resize_190x200/images/catalog/large/211793.jpg">        <div class="article_price_container" itemprop="offers" itemscope="" itemtype="http://schema.org/Offer">            <!-- Price -->                                            <span class="article_price" itemprop="price"><span id="list_price_211793">1,13</span></span>                <span class="currency">€</span>                <script>                    formatNumber('1.13', 'list_price_211793');                </script>                        <meta itemprop="priceCurrency" content="EUR">            <div class="unit_container">                                    <a class="substract_button" title="Menos" href="javascript:void(0);">-</a>                                <label class="quantity_container">                                                                        <input class="input_quantity_product" id="item_quantity_211793" type="number" data-product="211793" value="" min="1" max="999" required="" autocomplete="off">                                                            </label>                                    <a class="add_button" title="Más" href="javascript:void(0);">+</a>                    <a class="added_tick" title="Cambiar unidades" href="javascript:void(0);"></a>                            </div>                                                <div class="article_pum">                        <span>     12,56€/Kilo</span>                    </div>                                                                            <a data-product-id="211793" class="orange_button btn_add2cart" title="Añadir al carrito" onclick="dataLayer.push({event: 'event_gtm',category:'acciones usuario', action:'a�adir producto desde listado'})" href="javascript:addToCartFromItemList('211793')">AÑADIR AL CARRITO &gt;</a>                                        <span class="added_button">En carrito</span>                                    <a class="white_button" title="Añadir a mi lista" href="javascript:addToListFromItemList('211793')" onclick="dataLayer.push({event: 'event_gtm',category:'acciones usuario', action:'a�adir producto a lista'});">Añadir a mi lista</a>                                </div>                    <a class="article_link" title="Ver ficha de PALITOS FINA QUESO 90 G" href="/PALITOS-FINA-QUESO-90-G_211793_prd_es_ES.jsp" onclick="javascript:callingTaggingEnpoints('')" itemprop="url"></a>                <div class="hover_container">            <div class="hover">                <div class="info_symbol"></div>            </div>        </div>                    </article>            </li>                    <li class="article" itemprop="itemListElement" itemscope="" itemtype="http://schema.org/Product">                    <article class="article_container" id="item_description_216848">            <a class="article_name" title="Ver ficha de LEVADURA VAHINE EN POLVO 180 G" href="/LEVADURA-VAHINE-EN-POLVO-180-G_216848_prd_es_ES.jsp" itemprop="url"><span itemprop="name" id="description_text">LEVADURA VAHINE EN POLVO 180 G</span></a>            <!--informacion de gluten y calorias -->        <div class="info_container">                                                            <img class="info_icon" alt="10% Descuento para suscriptores Condisline Prime" src="//static.condisline.com/resize_39x39/images/product_icons/icon_subscription.png" width="39" height="39">                                            <a class="info" title="10% Descuento para suscriptores Condisline Prime" href="javascript:void(0);">                            <span class="info_text">10% Descuento para suscriptores Condisline Prime</span>                        </a>                                                        </div>        <img class="article_image" alt="LEVADURA VAHINE EN POLVO 180 G" data-original="//static.condisline.com/resize_190x200/images/catalog/large/216848.jpg" src="//static.condisline.com/resize_190x200/images/catalog/large/216848.jpg" width="190" height="200" style="display: block;">        <meta itemprop="image" content="//static.condisline.com/resize_190x200/images/catalog/large/216848.jpg">        <div class="article_price_container" itemprop="offers" itemscope="" itemtype="http://schema.org/Offer">            <!-- Price -->                                            <span class="article_price" itemprop="price"><span id="list_price_216848">2,59</span></span>                <span class="currency">€</span>                <script>                    formatNumber('2.59', 'list_price_216848');                </script>                        <meta itemprop="priceCurrency" content="EUR">            <div class="unit_container">                                    <a class="substract_button" title="Menos" href="javascript:void(0);">-</a>                                <label class="quantity_container">                                                                        <input class="input_quantity_product" id="item_quantity_216848" type="number" data-product="216848" value="" min="1" max="999" required="" autocomplete="off">                                                            </label>                                    <a class="add_button" title="Más" href="javascript:void(0);">+</a>                    <a class="added_tick" title="Cambiar unidades" href="javascript:void(0);"></a>                            </div>                                                <div class="article_pum">                        <span>     14,39€/Kilo</span>                    </div>                                                                            <a data-product-id="216848" class="orange_button btn_add2cart" title="Añadir al carrito" onclick="dataLayer.push({event: 'event_gtm',category:'acciones usuario', action:'a�adir producto desde listado'})" href="javascript:addToCartFromItemList('216848')">AÑADIR AL CARRITO &gt;</a>                                        <span class="added_button">En carrito</span>                                    <a class="white_button" title="Añadir a mi lista" href="javascript:addToListFromItemList('216848')" onclick="dataLayer.push({event: 'event_gtm',category:'acciones usuario', action:'a�adir producto a lista'});">Añadir a mi lista</a>                                </div>                    <a class="article_link" title="Ver ficha de LEVADURA VAHINE EN POLVO 180 G" href="/LEVADURA-VAHINE-EN-POLVO-180-G_216848_prd_es_ES.jsp" onclick="javascript:callingTaggingEnpoints('')" itemprop="url"></a>                <div class="hover_container">            <div class="hover">                <div class="info_symbol"></div>            </div>        </div>                    </article>            </li>                    <li class="article" itemprop="itemListElement" itemscope="" itemtype="http://schema.org/Product">                    <article class="article_container" id="item_description_194219">            <a class="article_name" title="Ver ficha de PICATOSTES FLORETTE CESAR 70 G" href="/PICATOSTES-FLORETTE-CESAR-70-G_194219_prd_es_ES.jsp" itemprop="url"><span itemprop="name" id="description_text">PICATOSTES FLORETTE CESAR 70 G</span></a>            <!--informacion de gluten y calorias -->        <div class="info_container">                            <span class="calories">446 <span>kcal</span></span>                <a class="info" title="Producto con 446 kilocalorías" href="javascript:void(0);">                    <span class="info_text">Producto con 446 kilocalorías.</span>                </a>                                                            <img class="info_icon" alt="10% Descuento para suscriptores Condisline Prime" src="//static.condisline.com/resize_39x39/images/product_icons/icon_subscription.png" width="39" height="39">                                            <a class="info" title="10% Descuento para suscriptores Condisline Prime" href="javascript:void(0);">                            <span class="info_text">10% Descuento para suscriptores Condisline Prime</span>                        </a>                                                        </div>        <img class="article_image" alt="PICATOSTES FLORETTE CESAR 70 G" data-original="//static.condisline.com/resize_190x200/images/catalog/large/194219.jpg" src="//static.condisline.com/resize_190x200/images/catalog/large/194219.jpg" width="190" height="200" style="display: block;">        <meta itemprop="image" content="//static.condisline.com/resize_190x200/images/catalog/large/194219.jpg">        <div class="article_price_container" itemprop="offers" itemscope="" itemtype="http://schema.org/Offer">            <!-- Price -->                                            <span class="article_price" itemprop="price"><span id="list_price_194219">1,25</span></span>                <span class="currency">€</span>                <script>                    formatNumber('1.25', 'list_price_194219');                </script>                        <meta itemprop="priceCurrency" content="EUR">            <div class="unit_container">                                    <a class="substract_button" title="Menos" href="javascript:void(0);">-</a>                                <label class="quantity_container">                                                                        <input class="input_quantity_product" id="item_quantity_194219" type="number" data-product="194219" value="" min="1" max="999" required="" autocomplete="off">                                                            </label>                                    <a class="add_button" title="Más" href="javascript:void(0);">+</a>                    <a class="added_tick" title="Cambiar unidades" href="javascript:void(0);"></a>                            </div>                                                <div class="article_pum">                        <span>     17,86€/Kilo</span>                    </div>                                                                            <a data-product-id="194219" class="orange_button btn_add2cart" title="Añadir al carrito" onclick="dataLayer.push({event: 'event_gtm',category:'acciones usuario', action:'a�adir producto desde listado'})" href="javascript:addToCartFromItemList('194219')">AÑADIR AL CARRITO &gt;</a>                                        <span class="added_button">En carrito</span>                                    <a class="white_button" title="Añadir a mi lista" href="javascript:addToListFromItemList('194219')" onclick="dataLayer.push({event: 'event_gtm',category:'acciones usuario', action:'a�adir producto a lista'});">Añadir a mi lista</a>                                </div>                    <a class="article_link" title="Ver ficha de PICATOSTES FLORETTE CESAR 70 G" href="/PICATOSTES-FLORETTE-CESAR-70-G_194219_prd_es_ES.jsp" onclick="javascript:callingTaggingEnpoints('')" itemprop="url"></a>                <div class="hover_container">            <div class="hover">                <div class="info_symbol"></div>            </div>        </div>                    </article>            </li>                    <li class="article" itemprop="itemListElement" itemscope="" itemtype="http://schema.org/Product">                    <article class="article_container" id="item_description_194204">            <a class="article_name" title="Ver ficha de PICATOSTES FLORETTE AJO FINAS HIERBAS 70 G" href="/PICATOSTES-FLORETTE-AJO-FINAS-HIERBAS-70-G_194204_prd_es_ES.jsp" itemprop="url"><span itemprop="name" id="description_text">PICATOSTES FLORETTE AJO FINAS HIERBAS 70 G</span></a>            <!--informacion de gluten y calorias -->        <div class="info_container">                            <span class="calories">483 <span>kcal</span></span>                <a class="info" title="Producto con 483 kilocalorías" href="javascript:void(0);">                    <span class="info_text">Producto con 483 kilocalorías.</span>                </a>                                                            <img class="info_icon" alt="10% Descuento para suscriptores Condisline Prime" src="//static.condisline.com/resize_39x39/images/product_icons/icon_subscription.png" width="39" height="39">                                            <a class="info" title="10% Descuento para suscriptores Condisline Prime" href="javascript:void(0);">                            <span class="info_text">10% Descuento para suscriptores Condisline Prime</span>                        </a>                                                        </div>        <img class="article_image" alt="PICATOSTES FLORETTE AJO FINAS HIERBAS 70 G" data-original="//static.condisline.com/resize_190x200/images/catalog/large/194204.jpg" src="//static.condisline.com/resize_190x200/images/catalog/large/194204.jpg" width="190" height="200" style="display: block;">        <meta itemprop="image" content="//static.condisline.com/resize_190x200/images/catalog/large/194204.jpg">        <div class="article_price_container" itemprop="offers" itemscope="" itemtype="http://schema.org/Offer">            <!-- Price -->                                            <span class="article_price" itemprop="price"><span id="list_price_194204">1,25</span></span>                <span class="currency">€</span>                <script>                    formatNumber('1.25', 'list_price_194204');                </script>                        <meta itemprop="priceCurrency" content="EUR">            <div class="unit_container">                                    <a class="substract_button" title="Menos" href="javascript:void(0);">-</a>                                <label class="quantity_container">                                                                        <input class="input_quantity_product" id="item_quantity_194204" type="number" data-product="194204" value="" min="1" max="999" required="" autocomplete="off">                                                            </label>                                    <a class="add_button" title="Más" href="javascript:void(0);">+</a>                    <a class="added_tick" title="Cambiar unidades" href="javascript:void(0);"></a>                            </div>                                                <div class="article_pum">                        <span>     17,86€/Kilo</span>                    </div>                                                                            <a data-product-id="194204" class="orange_button btn_add2cart" title="Añadir al carrito" onclick="dataLayer.push({event: 'event_gtm',category:'acciones usuario', action:'a�adir producto desde listado'})" href="javascript:addToCartFromItemList('194204')">AÑADIR AL CARRITO &gt;</a>                                        <span class="added_button">En carrito</span>                                    <a class="white_button" title="Añadir a mi lista" href="javascript:addToListFromItemList('194204')" onclick="dataLayer.push({event: 'event_gtm',category:'acciones usuario', action:'a�adir producto a lista'});">Añadir a mi lista</a>                                </div>                    <a class="article_link" title="Ver ficha de PICATOSTES FLORETTE AJO FINAS HIERBAS 70 G" href="/PICATOSTES-FLORETTE-AJO-FINAS-HIERBAS-70-G_194204_prd_es_ES.jsp" onclick="javascript:callingTaggingEnpoints('')" itemprop="url"></a>                <div class="hover_container">            <div class="hover">                <div class="info_symbol"></div>            </div>        </div>                    </article>            </li>                    <li class="article" itemprop="itemListElement" itemscope="" itemtype="http://schema.org/Product">                    <article class="article_container" id="item_description_118038">            <a class="article_name" title="Ver ficha de HARINA HARIMSA ESPECIAL TEMPURA 500 G" href="/HARINA-HARIMSA-ESPECIAL-TEMPURA-500-G_118038_prd_es_ES.jsp" itemprop="url"><span itemprop="name" id="description_text">HARINA HARIMSA ESPECIAL TEMPURA 500 G</span></a>            <!--informacion de gluten y calorias -->        <div class="info_container">                            <span class="calories">348 <span>kcal</span></span>                <a class="info" title="Producto con 348 kilocalorías" href="javascript:void(0);">                    <span class="info_text">Producto con 348 kilocalorías.</span>                </a>                                                            <img class="info_icon" alt="10% Descuento para suscriptores Condisline Prime" src="//static.condisline.com/resize_39x39/images/product_icons/icon_subscription.png" width="39" height="39">                                            <a class="info" title="10% Descuento para suscriptores Condisline Prime" href="javascript:void(0);">                            <span class="info_text">10% Descuento para suscriptores Condisline Prime</span>                        </a>                                                        </div>        <img class="article_image" alt="HARINA HARIMSA ESPECIAL TEMPURA 500 G" data-original="//static.condisline.com/resize_190x200/images/catalog/large/118038.jpg" src="//static.condisline.com/resize_190x200/images/catalog/large/118038.jpg" width="190" height="200" style="display: block;">        <meta itemprop="image" content="//static.condisline.com/resize_190x200/images/catalog/large/118038.jpg">        <div class="article_price_container" itemprop="offers" itemscope="" itemtype="http://schema.org/Offer">            <!-- Price -->                                            <span class="article_price" itemprop="price"><span id="list_price_118038">1,75</span></span>                <span class="currency">€</span>                <script>                    formatNumber('1.75', 'list_price_118038');                </script>                        <meta itemprop="priceCurrency" content="EUR">            <div class="unit_container">                                    <a class="substract_button" title="Menos" href="javascript:void(0);">-</a>                                <label class="quantity_container">                                                                        <input class="input_quantity_product" id="item_quantity_118038" type="number" data-product="118038" value="" min="1" max="999" required="" autocomplete="off">                                                            </label>                                    <a class="add_button" title="Más" href="javascript:void(0);">+</a>                    <a class="added_tick" title="Cambiar unidades" href="javascript:void(0);"></a>                            </div>                                                <div class="article_pum">                        <span>      3,50€/Kilo</span>                    </div>                                                                            <a data-product-id="118038" class="orange_button btn_add2cart" title="Añadir al carrito" onclick="dataLayer.push({event: 'event_gtm',category:'acciones usuario', action:'a�adir producto desde listado'})" href="javascript:addToCartFromItemList('118038')">AÑADIR AL CARRITO &gt;</a>                                        <span class="added_button">En carrito</span>                                    <a class="white_button" title="Añadir a mi lista" href="javascript:addToListFromItemList('118038')" onclick="dataLayer.push({event: 'event_gtm',category:'acciones usuario', action:'a�adir producto a lista'});">Añadir a mi lista</a>                                </div>                    <a class="article_link" title="Ver ficha de HARINA HARIMSA ESPECIAL TEMPURA 500 G" href="/HARINA-HARIMSA-ESPECIAL-TEMPURA-500-G_118038_prd_es_ES.jsp" onclick="javascript:callingTaggingEnpoints('')" itemprop="url"></a>                <div class="hover_container">            <div class="hover">                <div class="info_symbol"></div>            </div>        </div>                    </article>            </li>        <!--    </ul> --><!--    <ul id="carousel_articles" class="articles_list" itemscope="" itemtype="http://schema.org/ItemList"> -->                    <li class="article" itemprop="itemListElement" itemscope="" itemtype="http://schema.org/Product">                    <article class="article_container" id="item_description_118013">            <a class="article_name" title="Ver ficha de HARINA GALLO FRITOS Y REBOZADOS 1 KG" href="/HARINA-GALLO-FRITOS-Y-REBOZADOS-1-KG_118013_prd_es_ES.jsp" itemprop="url"><span itemprop="name" id="description_text">HARINA GALLO FRITOS Y REBOZADOS 1 KG</span></a>            <!--informacion de gluten y calorias -->        <div class="info_container">                            <span class="calories">360 <span>kcal</span></span>                <a class="info" title="Producto con 360 kilocalorías" href="javascript:void(0);">                    <span class="info_text">Producto con 360 kilocalorías.</span>                </a>                                                            <img class="info_icon" alt="10% Descuento para suscriptores Condisline Prime" src="//static.condisline.com/resize_39x39/images/product_icons/icon_subscription.png" width="39" height="39">                                            <a class="info" title="10% Descuento para suscriptores Condisline Prime" href="javascript:void(0);">                            <span class="info_text">10% Descuento para suscriptores Condisline Prime</span>                        </a>                                                        </div>        <img class="article_image" alt="HARINA GALLO FRITOS Y REBOZADOS 1 KG" data-original="//static.condisline.com/resize_190x200/images/catalog/large/118013.jpg" src="//static.condisline.com/resize_190x200/images/catalog/large/118013.jpg" width="190" height="200" style="display: block;">        <meta itemprop="image" content="//static.condisline.com/resize_190x200/images/catalog/large/118013.jpg">        <div class="article_price_container" itemprop="offers" itemscope="" itemtype="http://schema.org/Offer">            <!-- Price -->                                            <span class="article_price" itemprop="price"><span id="list_price_118013">1,72</span></span>                <span class="currency">€</span>                <script>                    formatNumber('1.72', 'list_price_118013');                </script>                        <meta itemprop="priceCurrency" content="EUR">            <div class="unit_container">                                    <a class="substract_button" title="Menos" href="javascript:void(0);">-</a>                                <label class="quantity_container">                                                                        <input class="input_quantity_product" id="item_quantity_118013" type="number" data-product="118013" value="" min="1" max="999" required="" autocomplete="off">                                                            </label>                                    <a class="add_button" title="Más" href="javascript:void(0);">+</a>                    <a class="added_tick" title="Cambiar unidades" href="javascript:void(0);"></a>                            </div>                                                <div class="article_pum">                        <span>      1,72€/Kilo</span>                    </div>                                                                            <a data-product-id="118013" class="orange_button btn_add2cart" title="Añadir al carrito" onclick="dataLayer.push({event: 'event_gtm',category:'acciones usuario', action:'a�adir producto desde listado'})" href="javascript:addToCartFromItemList('118013')">AÑADIR AL CARRITO &gt;</a>                                        <span class="added_button">En carrito</span>                                    <a class="white_button" title="Añadir a mi lista" href="javascript:addToListFromItemList('118013')" onclick="dataLayer.push({event: 'event_gtm',category:'acciones usuario', action:'a�adir producto a lista'});">Añadir a mi lista</a>                                </div>                    <a class="article_link" title="Ver ficha de HARINA GALLO FRITOS Y REBOZADOS 1 KG" href="/HARINA-GALLO-FRITOS-Y-REBOZADOS-1-KG_118013_prd_es_ES.jsp" onclick="javascript:callingTaggingEnpoints('')" itemprop="url"></a>                <div class="hover_container">            <div class="hover">                <div class="info_symbol"></div>            </div>        </div>                    </article>            </li>                    <li class="article" itemprop="itemListElement" itemscope="" itemtype="http://schema.org/Product">                    <article class="article_container" id="item_description_213149">            <a class="article_name" title="Ver ficha de PAN MOLDE BIMBO CERO &amp; CERO 360 G" href="/PAN-MOLDE-BIMBO-CERO-CERO-360-G_213149_prd_es_ES.jsp" itemprop="url"><span itemprop="name" id="description_text">PAN MOLDE BIMBO CERO &amp; CERO 360 G</span></a>            <!--informacion de gluten y calorias -->        <div class="info_container">                            <span class="calories">242 <span>kcal</span></span>                <a class="info" title="Producto con 242 kilocalorías" href="javascript:void(0);">                    <span class="info_text">Producto con 242 kilocalorías.</span>                </a>                                                            <img class="info_icon" alt="10% Descuento para suscriptores Condisline Prime" src="//static.condisline.com/resize_39x39/images/product_icons/icon_subscription.png" width="39" height="39">                                            <a class="info" title="10% Descuento para suscriptores Condisline Prime" href="javascript:void(0);">                            <span class="info_text">10% Descuento para suscriptores Condisline Prime</span>                        </a>                                                        </div>        <img class="article_image" alt="PAN MOLDE BIMBO CERO &amp; CERO 360 G" data-original="//static.condisline.com/resize_190x200/images/catalog/large/213149.jpg" src="//static.condisline.com/resize_190x200/images/catalog/large/213149.jpg" width="190" height="200" style="display: block;">        <meta itemprop="image" content="//static.condisline.com/resize_190x200/images/catalog/large/213149.jpg">        <div class="article_price_container" itemprop="offers" itemscope="" itemtype="http://schema.org/Offer">            <!-- Price -->                                            <span class="article_price" itemprop="price"><span id="list_price_213149">2,45</span></span>                <span class="currency">€</span>                <script>                    formatNumber('2.45', 'list_price_213149');                </script>                        <meta itemprop="priceCurrency" content="EUR">            <div class="unit_container">                                    <a class="substract_button" title="Menos" href="javascript:void(0);">-</a>                                <label class="quantity_container">                                                                        <input class="input_quantity_product" id="item_quantity_213149" type="number" data-product="213149" value="" min="1" max="999" required="" autocomplete="off">                                                            </label>                                    <a class="add_button" title="Más" href="javascript:void(0);">+</a>                    <a class="added_tick" title="Cambiar unidades" href="javascript:void(0);"></a>                            </div>                                                <div class="article_pum">                        <span>      6,81€/Kilo</span>                    </div>                                                                            <a data-product-id="213149" class="orange_button btn_add2cart" title="Añadir al carrito" onclick="dataLayer.push({event: 'event_gtm',category:'acciones usuario', action:'a�adir producto desde listado'})" href="javascript:addToCartFromItemList('213149')">AÑADIR AL CARRITO &gt;</a>                                        <span class="added_button">En carrito</span>                                    <a class="white_button" title="Añadir a mi lista" href="javascript:addToListFromItemList('213149')" onclick="dataLayer.push({event: 'event_gtm',category:'acciones usuario', action:'a�adir producto a lista'});">Añadir a mi lista</a>                                </div>                    <a class="article_link" title="Ver ficha de PAN MOLDE BIMBO CERO &amp; CERO 360 G" href="/PAN-MOLDE-BIMBO-CERO-CERO-360-G_213149_prd_es_ES.jsp" onclick="javascript:callingTaggingEnpoints('')" itemprop="url"></a>                <div class="hover_container">            <div class="hover">                <div class="info_symbol"></div>            </div>        </div>                    </article>            </li>                    <li class="article" itemprop="itemListElement" itemscope="" itemtype="http://schema.org/Product">                    <article class="article_container" id="item_description_119015">            <a class="article_name" title="Ver ficha de PAN RALLADO ALTEZA AJO/PEREJIL 500 G" href="/PAN-RALLADO-ALTEZA-AJO-PEREJIL-500-G_119015_prd_es_ES.jsp" itemprop="url"><span itemprop="name" id="description_text">PAN RALLADO ALTEZA AJO/PEREJIL 500 G</span></a>            <!--informacion de gluten y calorias -->        <div class="info_container">                            <span class="calories">354 <span>kcal</span></span>                <a class="info" title="Producto con 354 kilocalorías" href="javascript:void(0);">                    <span class="info_text">Producto con 354 kilocalorías.</span>                </a>                                                            <img class="info_icon" alt="10% Descuento para suscriptores Condisline Prime" src="//static.condisline.com/resize_39x39/images/product_icons/icon_subscription.png" width="39" height="39">                                            <a class="info" title="10% Descuento para suscriptores Condisline Prime" href="javascript:void(0);">                            <span class="info_text">10% Descuento para suscriptores Condisline Prime</span>                        </a>                                                        <img class="info_icon" alt="Marca propia" src="//static.condisline.com/resize_39x39/images/product_icons/marca_propia.png" width="39" height="39">                                            <a class="info" title="Marca propia" href="javascript:void(0);">                            <span class="info_text">Marca propia</span>                        </a>                                                        </div>        <img class="article_image" alt="PAN RALLADO ALTEZA AJO/PEREJIL 500 G" data-original="//static.condisline.com/resize_190x200/images/catalog/large/119015.jpg" src="//static.condisline.com/resize_190x200/images/catalog/large/119015.jpg" width="190" height="200" style="display: block;">        <meta itemprop="image" content="//static.condisline.com/resize_190x200/images/catalog/large/119015.jpg">        <div class="article_price_container" itemprop="offers" itemscope="" itemtype="http://schema.org/Offer">            <!-- Price -->                                            <span class="article_price" itemprop="price"><span id="list_price_119015">1,05</span></span>                <span class="currency">€</span>                <script>                    formatNumber('1.05', 'list_price_119015');                </script>                        <meta itemprop="priceCurrency" content="EUR">            <div class="unit_container">                                    <a class="substract_button" title="Menos" href="javascript:void(0);">-</a>                                <label class="quantity_container">                                                                        <input class="input_quantity_product" id="item_quantity_119015" type="number" data-product="119015" value="" min="1" max="999" required="" autocomplete="off">                                                            </label>                                    <a class="add_button" title="Más" href="javascript:void(0);">+</a>                    <a class="added_tick" title="Cambiar unidades" href="javascript:void(0);"></a>                            </div>                                                <div class="article_pum">                        <span>      2,10€/Kilo</span>                    </div>                                                                            <a data-product-id="119015" class="orange_button btn_add2cart" title="Añadir al carrito" onclick="dataLayer.push({event: 'event_gtm',category:'acciones usuario', action:'a�adir producto desde listado'})" href="javascript:addToCartFromItemList('119015')">AÑADIR AL CARRITO &gt;</a>                                        <span class="added_button">En carrito</span>                                    <a class="white_button" title="Añadir a mi lista" href="javascript:addToListFromItemList('119015')" onclick="dataLayer.push({event: 'event_gtm',category:'acciones usuario', action:'a�adir producto a lista'});">Añadir a mi lista</a>                                </div>                    <a class="article_link" title="Ver ficha de PAN RALLADO ALTEZA AJO/PEREJIL 500 G" href="/PAN-RALLADO-ALTEZA-AJO-PEREJIL-500-G_119015_prd_es_ES.jsp" onclick="javascript:callingTaggingEnpoints('')" itemprop="url"></a>                <div class="hover_container">            <div class="hover">                <div class="info_symbol"></div>            </div>        </div>                    </article>            </li>                    <li class="article" itemprop="itemListElement" itemscope="" itemtype="http://schema.org/Product">                    <article class="article_container" id="item_description_217134">            <a class="article_name" title="Ver ficha de CRACKER LA RUSTICA QUESO/CALABAZA 100 G" href="/CRACKER-LA-RUSTICA-QUESO-CALABAZA-100-G_217134_prd_es_ES.jsp" itemprop="url"><span itemprop="name" id="description_text">CRACKER LA RUSTICA QUESO/CALABAZA 100 G</span></a>            <!--informacion de gluten y calorias -->        <div class="info_container">                                                            <img class="info_icon" alt="10% Descuento para suscriptores Condisline Prime" src="//static.condisline.com/resize_39x39/images/product_icons/icon_subscription.png" width="39" height="39">                                            <a class="info" title="10% Descuento para suscriptores Condisline Prime" href="javascript:void(0);">                            <span class="info_text">10% Descuento para suscriptores Condisline Prime</span>                        </a>                                                        </div>        <img class="article_image" alt="CRACKER LA RUSTICA QUESO/CALABAZA 100 G" data-original="//static.condisline.com/resize_190x200/images/catalog/large/217134.jpg" src="//static.condisline.com/resize_190x200/images/catalog/large/217134.jpg" width="190" height="200" style="display: block;">        <meta itemprop="image" content="//static.condisline.com/resize_190x200/images/catalog/large/217134.jpg">        <div class="article_price_container" itemprop="offers" itemscope="" itemtype="http://schema.org/Offer">            <!-- Price -->                                            <span class="article_price" itemprop="price"><span id="list_price_217134">1,85</span></span>                <span class="currency">€</span>                <script>                    formatNumber('1.85', 'list_price_217134');                </script>                        <meta itemprop="priceCurrency" content="EUR">            <div class="unit_container">                                    <a class="substract_button" title="Menos" href="javascript:void(0);">-</a>                                <label class="quantity_container">                                                                        <input class="input_quantity_product" id="item_quantity_217134" type="number" data-product="217134" value="" min="1" max="999" required="" autocomplete="off">                                                            </label>                                    <a class="add_button" title="Más" href="javascript:void(0);">+</a>                    <a class="added_tick" title="Cambiar unidades" href="javascript:void(0);"></a>                            </div>                                                <div class="article_pum">                        <span>     18,50€/Kilo</span>                    </div>                                                                            <a data-product-id="217134" class="orange_button btn_add2cart" title="Añadir al carrito" onclick="dataLayer.push({event: 'event_gtm',category:'acciones usuario', action:'a�adir producto desde listado'})" href="javascript:addToCartFromItemList('217134')">AÑADIR AL CARRITO &gt;</a>                                        <span class="added_button">En carrito</span>                                    <a class="white_button" title="Añadir a mi lista" href="javascript:addToListFromItemList('217134')" onclick="dataLayer.push({event: 'event_gtm',category:'acciones usuario', action:'a�adir producto a lista'});">Añadir a mi lista</a>                                </div>                    <a class="article_link" title="Ver ficha de CRACKER LA RUSTICA QUESO/CALABAZA 100 G" href="/CRACKER-LA-RUSTICA-QUESO-CALABAZA-100-G_217134_prd_es_ES.jsp" onclick="javascript:callingTaggingEnpoints('')" itemprop="url"></a>                <div class="hover_container">            <div class="hover">                <div class="info_symbol"></div>            </div>        </div>                    </article>            </li>                    <li class="article" itemprop="itemListElement" itemscope="" itemtype="http://schema.org/Product">                    <article class="article_container" id="item_description_492172">            <a class="article_name" title="Ver ficha de HARINA PANAERAS TEMPURA 400 G" href="/HARINA-PANAERAS-TEMPURA-400-G_492172_prd_es_ES.jsp" itemprop="url"><span itemprop="name" id="description_text">HARINA PANAERAS TEMPURA 400 G</span></a>            <!--informacion de gluten y calorias -->        <div class="info_container">                            <span class="calories">302 <span>kcal</span></span>                <a class="info" title="Producto con 302 kilocalorías" href="javascript:void(0);">                    <span class="info_text">Producto con 302 kilocalorías.</span>                </a>                                                            <img class="info_icon" alt="10% Descuento para suscriptores Condisline Prime" src="//static.condisline.com/resize_39x39/images/product_icons/icon_subscription.png" width="39" height="39">                                            <a class="info" title="10% Descuento para suscriptores Condisline Prime" href="javascript:void(0);">                            <span class="info_text">10% Descuento para suscriptores Condisline Prime</span>                        </a>                                                        </div>        <img class="article_image" alt="HARINA PANAERAS TEMPURA 400 G" data-original="//static.condisline.com/resize_190x200/images/catalog/large/492172.jpg" src="//static.condisline.com/resize_190x200/images/catalog/large/492172.jpg" width="190" height="200" style="display: block;">        <meta itemprop="image" content="//static.condisline.com/resize_190x200/images/catalog/large/492172.jpg">        <div class="article_price_container" itemprop="offers" itemscope="" itemtype="http://schema.org/Offer">            <!-- Price -->                                            <span class="article_price" itemprop="price"><span id="list_price_492172">1,95</span></span>                <span class="currency">€</span>                <script>                    formatNumber('1.95', 'list_price_492172');                </script>                        <meta itemprop="priceCurrency" content="EUR">            <div class="unit_container">                                    <a class="substract_button" title="Menos" href="javascript:void(0);">-</a>                                <label class="quantity_container">                                                                        <input class="input_quantity_product" id="item_quantity_492172" type="number" data-product="492172" value="" min="1" max="999" required="" autocomplete="off">                                                            </label>                                    <a class="add_button" title="Más" href="javascript:void(0);">+</a>                    <a class="added_tick" title="Cambiar unidades" href="javascript:void(0);"></a>                            </div>                                                <div class="article_pum">                        <span>      4,88€/Kilo</span>                    </div>                                                                            <a data-product-id="492172" class="orange_button btn_add2cart" title="Añadir al carrito" onclick="dataLayer.push({event: 'event_gtm',category:'acciones usuario', action:'a�adir producto desde listado'})" href="javascript:addToCartFromItemList('492172')">AÑADIR AL CARRITO &gt;</a>                                        <span class="added_button">En carrito</span>                                    <a class="white_button" title="Añadir a mi lista" href="javascript:addToListFromItemList('492172')" onclick="dataLayer.push({event: 'event_gtm',category:'acciones usuario', action:'a�adir producto a lista'});">Añadir a mi lista</a>                                </div>                    <a class="article_link" title="Ver ficha de HARINA PANAERAS TEMPURA 400 G" href="/HARINA-PANAERAS-TEMPURA-400-G_492172_prd_es_ES.jsp" onclick="javascript:callingTaggingEnpoints('')" itemprop="url"></a>                <div class="hover_container">            <div class="hover">                <div class="info_symbol"></div>            </div>        </div>                    </article>            </li>                    <li class="article" itemprop="itemListElement" itemscope="" itemtype="http://schema.org/Product">                    <article class="article_container" id="item_description_216638">            <a class="article_name" title="Ver ficha de HOT DOG MONTESLARA  330 G" href="/HOT-DOG-MONTESLARA-330-G_216638_prd_es_ES.jsp" itemprop="url"><span itemprop="name" id="description_text">HOT DOG MONTESLARA  330 G</span></a>            <!--informacion de gluten y calorias -->        <div class="info_container">                            <span class="calories">278 <span>kcal</span></span>                <a class="info" title="Producto con 278 kilocalorías" href="javascript:void(0);">                    <span class="info_text">Producto con 278 kilocalorías.</span>                </a>                                                            <img class="info_icon" alt="10% Descuento para suscriptores Condisline Prime" src="//static.condisline.com/resize_39x39/images/product_icons/icon_subscription.png" width="39" height="39">                                            <a class="info" title="10% Descuento para suscriptores Condisline Prime" href="javascript:void(0);">                            <span class="info_text">10% Descuento para suscriptores Condisline Prime</span>                        </a>                                                        </div>        <img class="article_image" alt="HOT DOG MONTESLARA  330 G" data-original="//static.condisline.com/resize_190x200/images/catalog/large/216638.jpg" src="//static.condisline.com/resize_190x200/images/catalog/large/216638.jpg" width="190" height="200" style="display: block;">        <meta itemprop="image" content="//static.condisline.com/resize_190x200/images/catalog/large/216638.jpg">        <div class="article_price_container" itemprop="offers" itemscope="" itemtype="http://schema.org/Offer">            <!-- Price -->                                            <span class="article_price" itemprop="price"><span id="list_price_216638">2,25</span></span>                <span class="currency">€</span>                <script>                    formatNumber('2.25', 'list_price_216638');                </script>                        <meta itemprop="priceCurrency" content="EUR">            <div class="unit_container">                                    <a class="substract_button" title="Menos" href="javascript:void(0);">-</a>                                <label class="quantity_container">                                                                        <input class="input_quantity_product" id="item_quantity_216638" type="number" data-product="216638" value="" min="1" max="999" required="" autocomplete="off">                                                            </label>                                    <a class="add_button" title="Más" href="javascript:void(0);">+</a>                    <a class="added_tick" title="Cambiar unidades" href="javascript:void(0);"></a>                            </div>                                                <div class="article_pum">                        <span>      6,82€/Kilo</span>                    </div>                                                        <a class="white_button" style="line-height: 30px" title="Añadir al carrito" href="javascript:condisAlert('Producto temporalmente no disponible')">AÑADIR AL CARRITO &gt;</a>                        <span class="added_button">En carrito</span>                                    <a class="white_button" title="Añadir a mi lista" href="javascript:addToListFromItemList('216638')" onclick="dataLayer.push({event: 'event_gtm',category:'acciones usuario', action:'a�adir producto a lista'});">Añadir a mi lista</a>                                </div>                    <a class="article_link" title="Ver ficha de HOT DOG MONTESLARA  330 G" href="/HOT-DOG-MONTESLARA-330-G_216638_prd_es_ES.jsp" onclick="javascript:callingTaggingEnpoints('')" itemprop="url"></a>                <div class="hover_container">            <div class="hover">                <div class="info_symbol"></div>            </div>        </div>                    </article>            </li>                    <li class="article" itemprop="itemListElement" itemscope="" itemtype="http://schema.org/Product">                    <article class="article_container" id="item_description_217136">            <a class="article_name" title="Ver ficha de CRACKER LA RUSTICA PIZZA 100 G" href="/CRACKER-LA-RUSTICA-PIZZA-100-G_217136_prd_es_ES.jsp" itemprop="url"><span itemprop="name" id="description_text">CRACKER LA RUSTICA PIZZA 100 G</span></a>            <!--informacion de gluten y calorias -->        <div class="info_container">                                                            <img class="info_icon" alt="10% Descuento para suscriptores Condisline Prime" src="//static.condisline.com/resize_39x39/images/product_icons/icon_subscription.png" width="39" height="39">                                            <a class="info" title="10% Descuento para suscriptores Condisline Prime" href="javascript:void(0);">                            <span class="info_text">10% Descuento para suscriptores Condisline Prime</span>                        </a>                                                        </div>        <img class="article_image" alt="CRACKER LA RUSTICA PIZZA 100 G" data-original="//static.condisline.com/resize_190x200/images/catalog/large/217136.jpg" src="//static.condisline.com/resize_190x200/images/catalog/large/217136.jpg" width="190" height="200" style="display: block;">        <meta itemprop="image" content="//static.condisline.com/resize_190x200/images/catalog/large/217136.jpg">        <div class="article_price_container" itemprop="offers" itemscope="" itemtype="http://schema.org/Offer">            <!-- Price -->                                            <span class="article_price" itemprop="price"><span id="list_price_217136">1,85</span></span>                <span class="currency">€</span>                <script>                    formatNumber('1.85', 'list_price_217136');                </script>                        <meta itemprop="priceCurrency" content="EUR">            <div class="unit_container">                                    <a class="substract_button" title="Menos" href="javascript:void(0);">-</a>                                <label class="quantity_container">                                                                        <input class="input_quantity_product" id="item_quantity_217136" type="number" data-product="217136" value="" min="1" max="999" required="" autocomplete="off">                                                            </label>                                    <a class="add_button" title="Más" href="javascript:void(0);">+</a>                    <a class="added_tick" title="Cambiar unidades" href="javascript:void(0);"></a>                            </div>                                                <div class="article_pum">                        <span>     18,50€/Kilo</span>                    </div>                                                                            <a data-product-id="217136" class="orange_button btn_add2cart" title="Añadir al carrito" onclick="dataLayer.push({event: 'event_gtm',category:'acciones usuario', action:'a�adir producto desde listado'})" href="javascript:addToCartFromItemList('217136')">AÑADIR AL CARRITO &gt;</a>                                        <span class="added_button">En carrito</span>                                    <a class="white_button" title="Añadir a mi lista" href="javascript:addToListFromItemList('217136')" onclick="dataLayer.push({event: 'event_gtm',category:'acciones usuario', action:'a�adir producto a lista'});">Añadir a mi lista</a>                                </div>                    <a class="article_link" title="Ver ficha de CRACKER LA RUSTICA PIZZA 100 G" href="/CRACKER-LA-RUSTICA-PIZZA-100-G_217136_prd_es_ES.jsp" onclick="javascript:callingTaggingEnpoints('')" itemprop="url"></a>                <div class="hover_container">            <div class="hover">                <div class="info_symbol"></div>            </div>        </div>                    </article>            </li>                    <li class="article" itemprop="itemListElement" itemscope="" itemtype="http://schema.org/Product">                    <article class="article_container" id="item_description_216637">            <a class="article_name" title="Ver ficha de MAXIBURGER MONTESLARA  300 G" href="/MAXIBURGER-MONTESLARA-300-G_216637_prd_es_ES.jsp" itemprop="url"><span itemprop="name" id="description_text">MAXIBURGER MONTESLARA  300 G</span></a>            <!--informacion de gluten y calorias -->        <div class="info_container">                            <span class="calories">278 <span>kcal</span></span>                <a class="info" title="Producto con 278 kilocalorías" href="javascript:void(0);">                    <span class="info_text">Producto con 278 kilocalorías.</span>                </a>                                                            <img class="info_icon" alt="10% Descuento para suscriptores Condisline Prime" src="//static.condisline.com/resize_39x39/images/product_icons/icon_subscription.png" width="39" height="39">                                            <a class="info" title="10% Descuento para suscriptores Condisline Prime" href="javascript:void(0);">                            <span class="info_text">10% Descuento para suscriptores Condisline Prime</span>                        </a>                                                        </div>        <img class="article_image" alt="MAXIBURGER MONTESLARA  300 G" data-original="//static.condisline.com/resize_190x200/images/catalog/large/216637.jpg" src="//static.condisline.com/resize_190x200/images/catalog/large/216637.jpg" width="190" height="200" style="display: block;">        <meta itemprop="image" content="//static.condisline.com/resize_190x200/images/catalog/large/216637.jpg">        <div class="article_price_container" itemprop="offers" itemscope="" itemtype="http://schema.org/Offer">            <!-- Price -->                                            <span class="article_price" itemprop="price"><span id="list_price_216637">2,35</span></span>                <span class="currency">€</span>                <script>                    formatNumber('2.35', 'list_price_216637');                </script>                        <meta itemprop="priceCurrency" content="EUR">            <div class="unit_container">                                    <a class="substract_button" title="Menos" href="javascript:void(0);">-</a>                                <label class="quantity_container">                                                                        <input class="input_quantity_product" id="item_quantity_216637" type="number" data-product="216637" value="" min="1" max="999" required="" autocomplete="off">                                                            </label>                                    <a class="add_button" title="Más" href="javascript:void(0);">+</a>                    <a class="added_tick" title="Cambiar unidades" href="javascript:void(0);"></a>                            </div>                                                <div class="article_pum">                        <span>      7,83€/Kilo</span>                    </div>                                                                            <a data-product-id="216637" class="orange_button btn_add2cart" title="Añadir al carrito" onclick="dataLayer.push({event: 'event_gtm',category:'acciones usuario', action:'a�adir producto desde listado'})" href="javascript:addToCartFromItemList('216637')">AÑADIR AL CARRITO &gt;</a>                                        <span class="added_button">En carrito</span>                                    <a class="white_button" title="Añadir a mi lista" href="javascript:addToListFromItemList('216637')" onclick="dataLayer.push({event: 'event_gtm',category:'acciones usuario', action:'a�adir producto a lista'});">Añadir a mi lista</a>                                </div>                    <a class="article_link" title="Ver ficha de MAXIBURGER MONTESLARA  300 G" href="/MAXIBURGER-MONTESLARA-300-G_216637_prd_es_ES.jsp" onclick="javascript:callingTaggingEnpoints('')" itemprop="url"></a>                <div class="hover_container">            <div class="hover">                <div class="info_symbol"></div>            </div>        </div>                    </article>            </li>                    <li class="article" itemprop="itemListElement" itemscope="" itemtype="http://schema.org/Product">                    <article class="article_container" id="item_description_217138">            <a class="article_name" title="Ver ficha de CRACKER LA RUSTICA LINO Y CHIA 100 G" href="/CRACKER-LA-RUSTICA-LINO-Y-CHIA-100-G_217138_prd_es_ES.jsp" itemprop="url"><span itemprop="name" id="description_text">CRACKER LA RUSTICA LINO Y CHIA 100 G</span></a>            <!--informacion de gluten y calorias -->        <div class="info_container">                                                            <img class="info_icon" alt="10% Descuento para suscriptores Condisline Prime" src="//static.condisline.com/resize_39x39/images/product_icons/icon_subscription.png" width="39" height="39">                                            <a class="info" title="10% Descuento para suscriptores Condisline Prime" href="javascript:void(0);">                            <span class="info_text">10% Descuento para suscriptores Condisline Prime</span>                        </a>                                                        </div>        <img class="article_image" alt="CRACKER LA RUSTICA LINO Y CHIA 100 G" data-original="//static.condisline.com/resize_190x200/images/catalog/large/217138.jpg" src="//static.condisline.com/resize_190x200/images/catalog/large/217138.jpg" width="190" height="200" style="display: block;">        <meta itemprop="image" content="//static.condisline.com/resize_190x200/images/catalog/large/217138.jpg">        <div class="article_price_container" itemprop="offers" itemscope="" itemtype="http://schema.org/Offer">            <!-- Price -->                                            <span class="article_price" itemprop="price"><span id="list_price_217138">1,85</span></span>                <span class="currency">€</span>                <script>                    formatNumber('1.85', 'list_price_217138');                </script>                        <meta itemprop="priceCurrency" content="EUR">            <div class="unit_container">                                    <a class="substract_button" title="Menos" href="javascript:void(0);">-</a>                                <label class="quantity_container">                                                                        <input class="input_quantity_product" id="item_quantity_217138" type="number" data-product="217138" value="" min="1" max="999" required="" autocomplete="off">                                                            </label>                                    <a class="add_button" title="Más" href="javascript:void(0);">+</a>                    <a class="added_tick" title="Cambiar unidades" href="javascript:void(0);"></a>                            </div>                                                <div class="article_pum">                        <span>     18,50€/Kilo</span>                    </div>                                                                            <a data-product-id="217138" class="orange_button btn_add2cart" title="Añadir al carrito" onclick="dataLayer.push({event: 'event_gtm',category:'acciones usuario', action:'a�adir producto desde listado'})" href="javascript:addToCartFromItemList('217138')">AÑADIR AL CARRITO &gt;</a>                                        <span class="added_button">En carrito</span>                                    <a class="white_button" title="Añadir a mi lista" href="javascript:addToListFromItemList('217138')" onclick="dataLayer.push({event: 'event_gtm',category:'acciones usuario', action:'a�adir producto a lista'});">Añadir a mi lista</a>                                </div>                    <a class="article_link" title="Ver ficha de CRACKER LA RUSTICA LINO Y CHIA 100 G" href="/CRACKER-LA-RUSTICA-LINO-Y-CHIA-100-G_217138_prd_es_ES.jsp" onclick="javascript:callingTaggingEnpoints('')" itemprop="url"></a>                <div class="hover_container">            <div class="hover">                <div class="info_symbol"></div>            </div>        </div>                    </article>            </li>        <!--    </ul> --></ul>


<div id="selectorShoppingListSection" style="display:none;"></div>


        </div>
    </section>

</div>

            
        </main>

        <script>
document.addEventListener('DOMContentLoaded', function() {
    document.getElementById('cb_est').checked = getCookie('ST_AUTH') === 'True';
    document.getElementById('cd_rrss').checked = getCookie('SN_AUTH') === 'True';
});
</script>

<div id="cookies_policy_bg" class="cookies_bg_glass" style="display: block; background: rgba(0, 0, 0, 0.5);">

    <div id="cookies_policy_dialog" class="cookies_dialog_bg">

        <div id="content_container" class="cookies_dialog_body">

            <div id="cookies_policy_text" class="cookies_text">
                Esta página web utiliza cookies propias y de terceros para fines técnicos, analíticos y de redes sociales. Tienes la opción de seleccionar "aceptar todas", "rechazar todas" o "configurar". Para obtener más información al respecto, puedes consultar nuestra
                <a id="cookies_policy_btn" class="cookies_link" title="Política de cookies" href="/cookies">
                    Política de cookies
                </a>
                .
            </div>
            <div class="cookies_buttons">
                <a class="cookies_button right" title="Rechazar todas" href="javascript:rejectCookies();">Rechazar todas</a>
                <a class="cookies_button right" title="Configurar" href="javascript:showSocialCookies();">Configurar</a>
                <a class="cookies_button right" title="Aceptar todas" href="javascript:acceptCookies();">Aceptar todas</a>
            </div>
        </div>

    </div>

</div>

<div id="cookies_social_config" class="cookies_modal">

    <div class="cookies_modal-content">

        <div class="cookies_modal-header">
            Configuración de Cookies
        </div>

        <div class="cookies_modal-body">
            <br>
            <div class="cookies_text">
                Puedes configurar tus preferencias, en cualquier momento, respecto a la utilización de Cookies. Para obtener más información al respecto, puedes consultar nuestra
                <a id="cookies_policy_btn" class="cookies_link" title="Política de cookies" href="/cookies">
                    Política de cookies
                </a>
            </div>
            <br>

            <input type="checkbox" id="cb_tec" disabled="disabled" checked="checked">
            <label class="cookies_modal_label" for="cb_tec"> Cookies Técnicas </label>
            <div class="cookies_modal_definition">
                Son aquéllas que resultan necesarias para el funcionamiento básico del sitio web y, por lo tanto, están siempre activas.
            </div>
            <br>

            <input type="checkbox" id="cb_est">
            <label class="cookies_modal_label" for="cb_est"> Cookies Análisis Estadístico</label>
            <div class="cookies_modal_definition">
                Son aquéllas que permiten realizar el seguimiento y análisis del comportamiento de los usuarios en los sitios Web.
            </div>
            <br>

            <input type="checkbox" id="cd_rrss" value="cookie-social_network">
            <label class="cookies_modal_label" for="cd_rrss"> Cookies Redes Sociales Externas</label>
            <div class="cookies_modal_definition">
                Son aquéllas que permiten que los usuarios puedan interactuar con el contenido de terceras plataformas sociales.
            </div>
            <br>

            <br>
        </div>

        <div class="cookies_modal-footer">
            <a class="cookies_back" id="cookies_modal-back" href="javascript:closeCookiesModal()" title="Volver">Volver</a>
            <a class="cookies_button" title="Guardar y continuar" href="javascript:acceptExtendedCookies();">Guardar y continuar</a>
        </div>

    </div>
</div>

<script type="text/javascript">
    checkCookiesPolicy();
</script>

<!-- Popup cargando -->
<aside id="loading" class="popup_background">
    <div class="popup_container narrow">
        <div class="popup">
            <img class="loading" title="Cargando..." src="//static.condisline.com/static-app/j2_233f/images/loading.gif" width="64" height="64">
            <p class="loading_text">Cargando...</p>
        </div>
    </div>
</aside>

<!-- Popup seleccionar / crear lista -->
<aside id="add_list_popup" class="popup_background">

</aside>

<aside id="not_in_stock_popup" class="popup_background">
</aside>

<!-- Popup login -->
<aside id="login_popup" class="popup_background">
    <div class="popup_container narrow">
        <div class="popup">
            <div class="popup_content">
                <a class="close_button" title="Cerrar popup" href="javascript:void(0);"></a>
                <div class="login_container">
                    <div class="left_container">
                        <p class="left_title">¿Es tu<span class="line"><span class="number">1<sup>a</sup></span> <span class="list">lista</span> <span class="letters">en</span></span> <img class="image" alt="Logotipo de Condisline" src="//static.condisline.com/static-app/j2_233f/images/logo-condisline.png"><span class="question">?</span></p>
                        <p class="left_text">Crea tu cuenta y haz tu compra desde el sofá de casa ¡Muy fácil!</p>
                        <div class="button_container">
                            <a class="orange_button" title="Crear cuenta" href="javascript:showRegisterUserFromLogin()">Crear cuenta</a>
                        </div>
                    </div>
                    <div class="right_container">
                        <p class="right_title">¿YA HAS REALIZADO OTRAS LISTAS CON NOSOTROS?</p>
                        <form id="login_form_popup" class="login_content" method="post" action="" autocomplete="off">
                            <label class="row">Usuario
                                <input id="user_form_popup" type="text" autocomplete="off">
                            </label>
                            <label class="row">Contraseña
                                <input id="password_form_popup" type="password" autocomplete="off">
                                <span id="msg_login_fail_list" style="display: none;" class="error_message"></span>
                            </label>
                            <a class="forget_link" title="�Has olvidado tu contrase�a?" href="javascript:irResetPassword();">¿Has olvidado tu contraseña?</a>
                            <div class="button_container">
                                <a class="access_button" title="Acceder" href="javascript:initLoginForMyList();">ACCEDER &gt;</a>
                            </div>
                        </form>
                    </div>
                </div>
            </div>
        </div>
    </div>
</aside>



<!-- Popup Cambios no persistentes en la lista hasta que no se graben -->
<aside id="no_persist_change_in_list_popup" class="popup_background">
    <div class="popup_container popup_list">
        <div class="popup">
            <div class="popup_content">
                <a class="close_button" title="Cerrar popup" href="javascript:closePopUpList();"></a>
                <p class="popup_list_title remember">Recuerda que al modificar tu lista<br> deberás guardar los cambios haciendo clic en<br> botón de la parte superior de la página</p>
                <div class="popup_list_button">
                    <a class="orange_button" title="ACEPTAR" href="javascript:hideNoPersistChangeInList();">ACEPTAR &gt;</a>
                </div>
            </div>
        </div>
    </div>
</aside>

<!-- Popup eliminar producto del carrito -->
<aside id="delete_product_popup" class="popup_background delete_product_popup">
    <div class="popup_container">
        <div class="popup">
            <div class="popup_content">
                <div class="delete_background"></div>
                <p class="delete_text">¿Estás seguro de que deseas eliminar el producto "<span id="delete_name"></span>" de tu carrito?</p>
                <div class="delete_buttons">
                    <a id="delete_product" class="white_button" title="Eliminarlo del carrito" href="javascript:confirmDeleteItemForCart();" onclick="dataLayer.push({event: 'event_gtm', category:'acciones usuario', action:'eliminar producto del carrito'});">Eliminarlo del carrito</a>
                    <a id="dont_delete" class="orange_button" title="Mantenerlo en carrito" href="javascript:void(0);" onclick="dataLayer.push({event:'event_gtm', category:'acciones usuario', action:'mantener producto en carrito'});">Mantenerlo en carrito</a>
                     <input type="hidden" id="productIdToDelete">
                </div>
            </div>
        </div>
    </div>
</aside>

<!-- Popup Cambios en la lista guardados -->
<aside id="saved_change_popup" class="popup_background">
    <div class="popup_container popup_list">
        <div class="popup">
            <div class="popup_content">
                <a class="close_button" title="Cerrar popup" href="javascript:closePopUpList();"></a>
                <p class="popup_list_title saved">Tu lista se ha guardado correctamente</p>
                <div class="popup_list_button">
                    <a class="orange_button" title="Aceptar" href="javascript:hideSavedChange();">ACEPTAR &gt;</a>
                </div>
            </div>
        </div>
    </div>
</aside>

<!-- Popup confirmaci�n eliminar producto de lista -->
<aside id="delete_list_product_popup" class="popup_background">
    <div class="popup_container narrow">
        <div class="popup">
            <div class="popup_content">
                <a class="close_button" title="Cerrar popup" href="javascript:void(0);"></a>
                <p class="delete_list_product_text">¿Seguro que deseas eliminar el producto? <span id="article_name"></span></p>
                <div class="buttons_container">
                    <a class="cancel_button" title="Cancelar" href="javascript:void(0);">Cancelar</a>
                    <a class="accept_button" title="ACEPTAR" href="#">ACEPTAR</a>
                </div>
            </div>
        </div>
    </div>
</aside>

<!-- Producto a�adido a la lista con �xito -->
<aside id="added_list_popup" class="popup_background">
    <div class="popup_container popup_list">
        <div class="popup">
            <div class="popup_content">
                <a class="close_button" title="Cerrar popup" href="javascript:void(0);"></a>
                <p class="popup_list_title saved">El producto <span id="product_in_list" class="product">"CEREALES CONDIS HAPPY CHOC 375 GRS"</span> se ha añadido correctamente a la lista <span id="list_description" class="list">"Cumplea�os Mam�"</span></p>
                <div class="popup_list_button">
                    <a class="orange_button" title="Aceptar" href="javascript:void(0);">ACEPTAR &gt;</a>
                </div>
            </div>
        </div>
    </div>
</aside>

<!-- Popup gen�rico -->
<aside id="generic_popup" class="popup_background">
    <div class="popup_container popup_list">
        <div class="popup">
            <div class="popup_content">
                <a class="close_button" title="Cerrar popup" href="javascript:void(0);"></a>
                <p class="generic_popup_title"></p>
                <p class="generic_popup_text"></p>

                <div class="popup_list_button">
                    <a class="orange_button" title="ACEPTAR" href="javascript:void(0);">ACEPTAR &gt;</a>
                </div>
            </div>
        </div>
    </div>
</aside>

<!-- Popup opcional -->
<aside id="generic_choice_popup" class="popup_background">
    <div class="popup_container popup_list">
        <div class="popup">
            <div class="popup_content">
                <a class="close_button" title="Cerrar popup" href="javascript:void(0);"></a>
                <p class="generic_popup_title"></p>
                <p class="generic_popup_text"></p>

                <div class="popup_list_button">
                    <a class="orange_button secundary_button" style="background-color:#e6e6e2" title="Cancelar" href="#">Cancelar &gt;</a>
                    <a class="orange_button primary_button" title="GUARDAR" href="#">GUARDAR &gt;</a>
                </div>
            </div>
        </div>
    </div>
</aside>

<!-- Popup disponibilidad -->
<aside id="disponibility_popup" class="popup_background">
</aside>

<!-- Popup a�adir producto a lista desde carrito -->
<aside id="all_list_popup" class="popup_background">
    <div class="popup_container popup_list">
        <div class="popup">
            <div class="popup_content">
                <a class="close_button" title="Cerrar popup" href="javascript:void(0);"></a>
                <p class="popup_list_title saved">Se han añadido todos los<br> productos de tu carrito a la lista:<br> <span class="list" id="listName"></span></p>
                <div class="popup_list_button">
                    <a class="orange_button" title="ACEPTAR" href="javascript:void(0);">ACEPTAR &gt;</a>
                </div>
            </div>
        </div>
    </div>
</aside>

<aside id="legal_popup" class="popup_background">
</aside>

<aside id="delivery_popup" class="popup_background">
</aside>

<aside id="schedule_popup" class="popup_background">
</aside>




<!-- login popups -->

<aside id="alert_login_no_mail_popup" class="popup_background" style="display:none">
   <div class="popup_container narrow">
    <div class="popup">
        <div class="popup_content">
            <p class="new_username_text">Hola <span id="user_name"></span>,<br> a partir de ahora, para acceder al nuevo Condisline, tu nombre de usuario será tu e-mail: <span id="user_mail"></span></p>
            <div class="button_container new_username">
                <a id="new_confirm_email" class="orange_button" title="Confirmar este e-mail" href="javascript:changeLoginForMail();">CONFIRMAR ESTE E-MAIL &gt;</a>
                <a id="new_modify_email" class="change_email" title="Modificar este e-mail" href="javascript:updateMailFromLogin();">Modificar este e-mail</a>
            </div>
        </div>
    </div>
   </div>
</aside>

<aside id="alert_select_region_popup" class="popup_background" style="display:none">
   <div class="popup_container narrow">
    <div class="popup">
        <div class="popup_content">
            <a class="close_button" title="Cerrar popup" href="javascript:selectRegion('SVC', 'SVM');"></a>
            <p class="new_username_text" style="color:#e66b5b;font-weight:bold;">Selecciona tu zona para adecuar el surtido y darte una mejor experiencia</p>
            <div style="width:46%;margin:10px; float:left;">
                <p class="new_username_text select_region_text" style="background-color: #3C67A5; color:#fff;cursor:pointer;" onclick="selectRegion('SVC', 'SVM');">Catalunya</p>

            </div>
            <div style="width:46%;margin: 10px; clear: left; float:left;">
                <p class="new_username_text select_region_text" style="background-color: #3C67A5; color:#fff; cursor:pointer;" onclick="window.location='https://www.condisline.ad';">Andorra</p>
            </div>

            <!--<select style="    display: block;
    float: left;
    margin-top: 15px;
    margin-left:190px;
    border: 1px solid #D6D6C5;
    -webkit-border-radius: 5px;
    -moz-border-radius: 5px;
    border-radius: 5px;
    color: #706F6F;
    font-size: 100%;
    line-height: 20px;
    padding: 6px 10px;
    width: 200px;
    height: 34px;
    -webkit-box-sizing: border-box;
    -moz-box-sizing: border-box;
    box-sizing: border-box;" onchange="ahoraSelect()" id="capri">
            <option style="font-weight: normal;    display: block;    white-space: pre;    min-height: 1.2em;" disabled selected>Zonas...</option>
            <option style="font-weight: normal;    display: block;    white-space: pre;    min-height: 1.2em;" onclick="selectRegion('SVC', 'SVM');"> Catalunya</option>
            </select>-->
            <p class="new_username_text"></p>
            <div class="button_container new_username">
            <!--    <a id="new_confirm_email" class="orange_button" title="Confirmar este e-mail" href="javascript:changeLoginForMail();">CONFIRMAR ESTE E-MAIL &gt;</a>
                <a id="new_modify_email" class="change_email" title="Modificar este e-mail" href="javascript:updateMailFromLogin();">Modificar este e-mail</a>-->
            </div>
        </div>
    </div>
   </div>
</aside>

<aside id="alert_login_no_contract_agreement_popup" class="popup_background" style="display:none">
   <div class="popup_container narrow">
    <div class="popup">
        <div class="popup_content">
            <p class="gdpr_text" style="font-family: 'Font2';">Queremos continuar informándote de las últimas novedades de nuestros productos, servicios y promociones, <b>pero queremos que tú decidas qué recibir y cómo.</b> </p>
            <div id="content_dni">
            <p class="gdpr_text" style="font-family: 'Font2';">Para ello, primero necesitamos que cumplimentes el siguiente campo al objeto de poder identificarte correctamente: </p>
            <input id="dni" type="text" style="margin-left: 200px;text-align:center;margin-top:20px; " placeholder="DNI/NIF"> <span style="color:red">*</span> &nbsp;<span id="msg_dni_fail" style="display:none;color:red;" class="error_message"> El dni introducido no es válido</span><span id="msg_dni_duplicado" style="display:none;color:red;" class="error_message"> DNI duplicado</span>
            </div>
            <div style="width=80%; color:#3C67A5;margin-top:20px;font-family: 'Font2'; ">
                <div style="width:100%; padding: 0 15px;font-family: 'Font2';">
                    Por favor, confírmanos tu consentimiento para las siguientes finalidades:
                </div>
                <div style="padding-left: 50px; font-family: 'Font2';width:100%; display:none" id="content_gdpr">
                    <label style="line-height: 20px;font-family: 'Font2';"><input id="gdpr_check" style="width: 20px;height: 20px;" type="checkbox" value="true">&nbsp;He leido las <a href="#">condiciones</a> <span style="color:red">*</span></label><br>
                </div>

                <div style="padding:0 10px 0 50px; margin-top:10px;font-family: 'Font2';">
                    <label style="line-height: 20px;font-family: 'Font2';"><input id="publi_check" style="width: 20px;height: 20px;" type="checkbox">&nbsp;Acepto recibir información comercial sobre Condis, de cualquier índole, incluyendo encuestas de satisfacción, y específicamente sobre futuras acciones comerciales así como promociones exclusivas a través de e-mail, sms y/o notificaciones push en tu dispositivo.</label>
                </div>
                <div id="publi_sgm" style="padding-left: 100px; display:none;font-family: 'Font2';">
                    <label style="line-height: 20px;"><input id="flagMail" style="width: 20px;height: 20px;" type="checkbox">&nbsp;Vía Email para seguir recibiendo nuestras newsletter<span style="color:blue">*</span></label><br>
                    <label style="line-height: 20px;"><input id="flagSMS" style="width: 20px;height: 20px;" type="checkbox">&nbsp;Vía SMS</label><br>
                    <label style="line-height: 20px;"><input id="flagPush" style="width: 20px;height: 20px;" type="checkbox">&nbsp;Vía notificaciones push en mi dispositivo para futuras actualizaciones</label>
                </div>
                <div style="padding:0 10px 0 50px; margin-top:10px;font-family: 'Font2';">
                    <label style="line-height:20px;font-family: 'Font2';"><input id="profile_check" style="width: 20px;height: 20px;" type="checkbox">&nbsp;Acepto que Condis evalúe mi perfil con información de fuentes externas para ofrecerme servicios y productos más ajustados a mis necesidades y preferencias.</label><br>
                </div>
                <div style="padding:0 10px 0 50px; margin-top:10px;font-family: 'Font2';">
                    <label style="line-height:20px;font-family: 'Font2';"><input id="healthy_check" style="width: 20px;height: 20px;" type="checkbox">&nbsp;Acepto que Condis evalúe mi perfil con información de fuentes externas para ofrecerme servicios y productos más ajustados a mis necesidades y preferencias.</label><br>
                </div>
                <div class="button_container">
                    <a class="orange_button" id="confirmGDPR" title="Aceptar" href="javascript:contractAgreement(function(){console.log('callback')}, null);">Aceptar &gt;</a>
                </div>
                <p style="padding:20px; width:92%;margin-top:55px;text-align:justify; font-size:12px">De conformidad con el Reglamento Europeo 2016/679 General de Protección de Datos, así como en cualquier ley nacional que sea de aplicación, te informamos que tus datos personales serán tratados por CONDIS SUPERMERCATS, S.A., como responsable del tratamiento, para las finalidades principales del servicio contratado y para las antes indicadas en caso que así lo hayas consentido. Comunicarte que no se cederán datos a terceros salvo que exista una obligación legal. Puedes revocar tus consentimientos en cualquier momento, así como ejercer tus derechos. Para más información al respecto, consulta nuestra <a href="/police/privacy#content_body" target="_blank">Política de Privacidad</a></p>
            </div>
        </div>
    </div>
   </div>
</aside>


<aside id="form_update_mail_popup" class="popup_background" style="display:none">
    <div class="popup_container tariff">
        <div class="popup">
            <div class="popup_content">
                <form class="identification_content" method="post" action="" autocomplete="off">
                    <label class="row">E-mail <span class="detail">(Ten en cuenta que será tu usuario de acceso a Condisline)</span> <sup>*</sup>
                        <input id="email_user" type="text" autocomplete="off">
                    </label>
                    <label class="row">Repetir e-mail
                        <input id="email_rep_user" type="text" autocomplete="off">
                        <span id="msg_mail_match_fail" style="display:none" class="error_message"> Los campos no coinciden</span>
                    </label>
                </form>
                <div class="delete_buttons">
                    <a id="new_change_email_popup_later" class="white_button" title="Recordar más tarde" href="javascript:recordarMasTarde();">Recordar más tarde</a>
                    <a id="new_change_email_popup_send" class="orange_button" title="ACEPTAR" href="javascript:changeMailBeforeChangeLogin();">ACEPTAR</a>
                </div>
            </div>
        </div>
    </div>
</aside>

<aside id="alert_maillogin_in_use_popup" class="popup_background" style="display:none">
    <div class="popup_container tariff">
        <div class="popup">
            <div class="popup_content">
                <p class="delete_text"><br><br>El correo <span id="user_mail"></span>, ya está en uso.<br> ¿Desea elegir otro o recordármelo más tarde?<br><br></p>
                <div class="delete_buttons">
                    <a id="new_change_email_popup_later" class="white_button" title="Recordar más tarde" href="javascript:recordarMasTarde();">Recordar más tarde</a>
                    <a id="new_change_email_popup_next" class="orange_button" title="Elegir otro" href="javascript:elegirOtro();">Elegir otro</a>
                </div>
            </div>
        </div>
    </div>
 </aside>

<aside id="success_maillogin_update_popup" class="popup_background" style="display:none">
    <div class="popup_container narrow">
        <div class="popup">
            <div class="popup_content">
                <p class="warning_old_login">Enhorabuena, a patir de ahora tu login para acceder a la aplicacion es  <span id="user_mail"></span>.</p>
                <div class="button_container new_username">
                    <a id="new_confirm_email" style="margin-bottom:20px;" class="orange_button" title="ACEPTAR" href="javascript:endUpdateLogin();">ACEPTAR &gt;</a>
                </div>
            </div>
        </div>
    </div>
</aside>



<!-- checkout login popups -->

<aside id="alert_login_no_mail_popup_checkout" class="popup_background" style="display:none">
   <div class="popup_container narrow">
    <div class="popup">
        <div class="popup_content">
            <p class="new_username_text">Hola <span id="user_name"></span>,<br> a partir de ahora, para acceder al nuevo Condisline, tu nombre de usuario será tu e-mail: <span id="user_mail"></span></p>
            <div class="button_container new_username">
                <a id="new_confirm_email" class="orange_button" title="Confirmar este e-mail" href="javascript:changeLoginForMailCheckout();">CONFIRMAR ESTE E-MAIL &gt;</a>
                <a id="new_modify_email" class="change_email" title="Modificar este e-mail" href="javascript:updateMailFromLoginCheckout();">Modificar este e-mail</a>
            </div>
        </div>
    </div>
   </div>
</aside>

<aside id="form_update_mail_popup_checkout" class="popup_background" style="display:none">
    <div class="popup_container tariff">
        <div class="popup">
            <div class="popup_content">
                <form class="identification_content" method="post" action="" autocomplete="off">
                    <!--<p class="delete_text">Indica tu nuevo e-mail:</p>-->
                    <label class="row">
                        E-mail <span class="detail">(Ten en cuenta que será tu usuario de acceso a Condisline)</span> <sup>*</sup>
                        <input id="email_user" type="text" autocomplete="off">
                    </label>
                    <label class="row">
                        <!--Repite tu e-mail*-->
                        Repetir e-mail
                        <input id="email_rep_user" type="text" autocomplete="off">
                        <span id="msg_mail_match_fail" style="display:none" class="error_message"> Los campos no coinciden</span>
                    </label>
                </form>
                <div class="delete_buttons">
                    <a id="new_change_email_popup_later" class="white_button" title="Recordar más tarde" href="javascript:recordarMasTarde();">Recordar más tarde</a>
                    <a id="new_change_email_popup_send" class="orange_button" title="ACEPTAR" href="javascript:changeMailBeforeChangeLoginCheckout();">ACEPTAR</a>
                </div>
            </div>
        </div>
    </div>
</aside>

<aside id="alert_maillogin_in_use_popup_checkout" class="popup_background" style="display:none">
    <div class="popup_container tariff">
        <div class="popup">
            <div class="popup_content">
                <p class="delete_text"><br><br>El correo <span id="user_mail"></span>, ya está en uso.<br> ¿Desea elegir otro o recordármelo más tarde?<br><br></p>
                <div class="delete_buttons">
                    <a id="new_change_email_popup_later" class="white_button" title="Recordar más tarde" href="javascript:recordarMasTardeCheckout();">Recordar más tarde</a>
                    <a id="new_change_email_popup_next" class="orange_button" title="Elegir otro" href="javascript:updateMailFromLoginCheckout();">Elegir otro</a>
                </div>
            </div>
        </div>
    </div>
 </aside>

<aside id="success_maillogin_update_popup_checkout" class="popup_background" style="display:none">
    <div class="popup_container narrow">
        <div class="popup">
            <div class="popup_content">
                <p class="warning_old_login">Enhorabuena, a patir de ahora tu login para acceder a la aplicacion es  <span id="user_mail"></span>.</p>
                <div class="button_container new_username">
                    <a id="new_confirm_email" style="margin-bottom:20px;" class="orange_button" title="ACEPTAR" href="javascript:endUpdateLoginCheckout();">ACEPTAR &gt;</a>
                </div>
            </div>
        </div>
    </div>
</aside>












<!-- login por mail area privada -->

<aside id="alert_mail_as_login_popup" class="popup_background" style="display:none">
   <div class="popup_container narrow">
    <div class="popup">
        <div class="popup_content">
            <p class="new_username_text">Hola <span id="user_name"></span>,<br> a partir de ahora, para acceder al nuevo Condisline, tu nombre de usuario será tu e-mail: <span id="user_mail"></span></p>
            <div class="button_container new_username">
                <a id="new_confirm_email" style="margin-bottom:20px;" class="orange_button" title="Confirmar este e-mail" href="javascript:updateUserBasisDataProccessor();">CONFIRMAR ESTE E-MAIL &gt;</a>
            </div>
        </div>
    </div>
   </div>
</aside>


<aside id="alert_maillogin_in_use_pa_popup" class="popup_background" style="display:none">
   <div class="popup_container narrow">
        <div class="popup">
            <div class="popup_content">
                <p class="new_username_text">El login <span id="user_mail_no_valid"></span>,<br> ya esta en uso </p>
                <div class="button_container new_username">
                    <a id="new_confirm_email" style="margin-bottom:20px;" class="orange_button" title="ACEPTAR" href="javascript:hideAlertMainInUserPrivateArea();">ACEPTAR &gt;</a>
                </div>
            </div>
        </div>
   </div>
</aside>

<aside id="delivery_times_popup" class="popup_background" style="display:none;">
    <div class="popup_container">
        <div class="popup">
            <div class="popup_content">
                <a class="close_button" title="Cerrar popup" href="javascript:void(0);"></a>

                <script>
                    var linkElement = document.createElement("link");
                    linkElement.rel = "stylesheet";
                    linkElement.href = "//static.condisline.com/static-app/j2_233f/styles/purchasing-process-step-1.css";

                    document.head.appendChild(linkElement);
                </script>

                <!-- calendario de las fechas de entrega -->
                <p class="postalcode_title" style="padding: 20px 0 0 20px;">C.P.: <span id="delivery_postalcode"></span></p>

                <style>
                    #layer_delivery_time_slot_popup #deliveryTitleText {
                        display: none;
                    }

                    #layer_delivery_time_slot_popup {
                        padding: 0px 20px;
                        margin: 0 auto;
                    }

                    #layer_delivery_time_slot_popup table.hour_table {
                        margin-bottom: 20px;
                    }

                    #layer_delivery_time_slot_popup .hour input {
                        opacity: 0;
                        position: fixed;
                        width: 0;
                    }

                    #layer_delivery_time_slot_popup .postalcode_title {
                        font-weight: bold;
                        padding: 20px 20px 0px 20px;
                        margin-bottom: 0;
                    }
                </style>

                <div id="layer_delivery_time_slot_popup"></div>
            </div>
        </div>
    </div>
</aside>


<!-- popup FINALIZACI�N cat�logo MADRID -->
<aside id="end_madrid_catalogue_popup" class="fpopup" style="display:none">
   <div class="fpopup__overlay">
        <div class="fpopup__container">
            <a class="close_button" title="Cerrar popup" href="javascript:void(0);"></a>
            <h3>Lo sentimos, pero Condisline ha dejado de operar en la zona centro: Madrid y alrededores.</h3>
            <p>Aunque ya no aceptamos pedidos, podrás contactarnos para resolver cualquier incidencia de entregas anteriores.</p>
            <p><img src="//static.condisline.com/static-app/j2_233f/images/condisline-madrid.jpg" alt="" style="max-width: 100%;"></p>
            <p>
                <a class="done_button" title="ACEPTAR" href="javascript:void(0);">ACEPTAR</a>
            </p>
        </div>
   </div>
</aside>

        
    <script type="text/javascript" src="https://islpronto.islonline.net/live/islpronto/public/chat_info.js?d=condis&amp;nick=.&amp;email=&amp;lang=es"></script>


<script type="text/javascript">
document.addEventListener('load', function() {
    if(true) {
        var image = document.getElementById('liveagent_button_online_5731r0000008g5K');
        if (locale == 'es_ES'){
            image.src = 'https://static.condisline.com/images/chat/islpronto-chat_es_.jpg';
        }else{
            image.src = 'https://static.condisline.com/images/chat/islpronto-chat_ca.jpg';
        }
    }else{
        var image = document.getElementById('liveagent_button_offline_5731r0000008g5K');
        if (locale == 'es_ES'){
            image.src = 'https://static.condisline.com/images/chat/islpronto_message_es.jpg';
        }else{
            image.src = 'https://static.condisline.com/images/chat/islpronto-message_ca.jpg';
        }
    }
});
</script>





        <footer class="footer_container" id="footer">
              <div id="payment_method" class="semitransparent_container">
        <ul class="content_container">
    <li class="avail safe">Compra Segura</li>
    <li class="avail norton"></li>
    <li class="avail visa"></li>
    <li class="avail mastercard"></li>
    <li class="avail paypal"></li>
    <li class="avail order">Recibe tu pedido al día siguiente</li>
    <li class="avail free">Envíos Gratis*<span class="tooltip">* Para los nuevos clientes en sus 2 primeras compras</span></li>
    <li class="avail collectives">Ventajas a colectivos</li>
</ul>
  </div>

  <div id="corporate information" class="opaque_container">
           <div class="content_container">
        <div class="footer_data_container left" itemscope="" itemtype="http://schema.org/Store">
                <meta itemprop="logo" content="//static.condisline.com/static-app/j2_233f/images/logo-condisline.png">
                <meta itemprop="name" content="Condisline.com, Supermercados Online">
                <meta itemprop="url" content="Condisline.com">
            <a class="footer_logo" title="Condisline" href="javascript:goToHome()" itemprop="url">
                <img class="logo_image" alt="Logotipo de Condisline" src="//static.condisline.com/static-app/j2_233f/images/logo-condisline.png" width="242" height="61" itemprop="logo">
            </a>
            <div itemscope="" class="contact_data" itemtype="http://schema.org/PostalAddress">
                <span class="telephone" itemprop="telephone">900 167 167</span>
            </div>
            <div itemscope="" class="contact_data contact_secundary" itemtype="http://schema.org/PostalAddress">
                <span class="footer">De Lunes a Jueves de 7h a 22.30h</span>
                <span class="footer">Viernes de 7h a 21.30h</span>
                <span class="footer">Sábado de 8h a 21.30h</span>
                <meta itemprop="addressCountry" content="ES">
                <a class="email" title="Email de contacto a Condisline" href="mailto:info@condis.es" itemprop="email">info@condis.es</a>
            </div>
        </div>
        <div class="footer_data_container">
            <ul class="footer_links_container">
                <li class="footer_link_container">
                    <a class="footer_link" title="Sobre Condis" href="/about_es_ES.jsp">Sobre Condis</a>
                </li>
                <li class="footer_link_container">
                    <a class="footer_link" title="Preguntas Frecuentes" href="/faq_es_ES.jsp">Preguntas Frecuentes</a>
                </li>
                <li class="footer_link_container">
                    <a class="footer_link" title="¿Dónde repartimos?" href="javascript:showDeliveryZones();">¿Dónde repartimos?</a>
                </li>
                <li class="footer_link_container">
                    <a class="footer_link" title="Horarios de entrega" href="javascript:showDeliveryTimes();">Horarios de entrega</a>
                </li>
            </ul>
        </div>
        <div class="footer_data_container right">
            <p class="social_text">Síguenos en:</p>
            <div class="social_container">
                <a class="social_button fb" title="Descubre nuestro canal en Facebook" rel="me nofollow" target="_blank" href="https://www.facebook.com/Condislife"></a>
                <a class="social_button tw" title="Descubre nuestro canal en Twitter" rel="me nofollow" target="_blank" href="https://twitter.com/Condislife"></a>
                <a class="social_button yt" title="Descubre nuestro canal en YouTube" rel="me nofollow" target="_blank" href="https://www.youtube.com/user/Condislife"></a>
            </div>

            <a class="condis_link" title="Descubre Condis" rel="me nofollow" target="_blank" href="http://www.condis.es">
                <img class="condis_logo" alt="Logotipo de de Condis" src="//static.condisline.com/static-app/j2_233f/images/logo-condis.png" width="143" height="44">
            </a>

            <a class="condis_link" title="Descubre Condislife" rel="me nofollow" target="_blank" href="http://www.condislife.com">
                <img class="condis_logo" alt="Logotipo de Condislife" src="//static.condisline.com/static-app/j2_233f/images/logo-condislife.png" width="143" height="44">
            </a>
            <br>


            <a class="condis_link" title="Descubre Condisline App" rel="me nofollow" target="_blank" href="https://www.condisline.com/promociones/landing-app/index.html">
                <img class="condis_logo" alt="Logotipo de de Condis" src="//static.condisline.com/static-app/j2_233f/images/logo-condislineapp.png" width="143" height="44">
            </a>


            <a class="condis_link" title="Descubre CondisFamily" rel="me nofollow" target="_blank" href="https://recursos.condis.es/app-condisfamily/">
                <img class="condis_logo" alt="Logotipo de CondisFamily" src="//static.condisline.com/static-app/j2_233f/images/logo-condisapp.png" width="143" height="44">
            </a>




        </div>
    </div>
  </div>

  <div id="plataforms" class="opaque_container">
        <ul class="collaborator_container">
    <li class="collaborator">
        <a class="collaborator_link" title="Ir a OXFAM Intermón" rel="nofollow" target="_blank" href="http://www.esolidario.es/">
            <img class="collaborator_image" alt="Logotipo de OXFAM Intermón" src="//static.condisline.com/static-app/j2_233f/images/logo-intermon.png">
        </a>
    </li>
    <!--
    <li class="collaborator">
        <a class="collaborator_link" title="Ir a AppStore" rel="nofollow" target="_blank" href="#">
            <img class="collaborator_image" alt=Logotipo de AppStore" src="//static.condisline.com/static-app/j2_233f/images/logo-appstore.png">
        </a>
    </li>
    <li class="collaborator">
        <a class="collaborator_link" title="Ir a GooglePlay" rel="nofollow" target="_blank" href="#">
            <img class="collaborator_image" alt="Logotipo de GooglePlay" src="//static.condisline.com/static-app/j2_233f/images/logo-googleplay.png">
        </a>
    </li>
    -->
</ul>
  </div>

  <div id="policies_condis" class="semitransparent_container">
        <ul class="links_container">
    <li class="link_container">
        <a class="legal_link" title="Ir a condiciones generales de compra" rel="nofollow" href="/police/general">Condiciones generales de compra</a>
    </li>
    <li class="link_container">
        <a class="legal_link" title="Ir a política de cookies" rel="nofollow" href="/cookies">Política de cookies</a>
    </li>
    <li class="link_container">
        <a class="legal_link" title="Política de privacidad" rel="nofollow" href="/police/privacy">Política de privacidad</a>
    </li>
</ul>
  </div>

  <div id="chat">
        <ul class="online_support_container">
  <a id="islpronto_link" title="Hola, ¿en qué puedo ayudarte?">
      <img id="liveagent_button_online_5731r0000008g5K" style="border: 0px none; cursor: pointer;" onclick="liveagent.startChat('5731r0000008g5K')" src="https://static.condisline.com/images/chat/islpronto-chat_es_.jpg"><img id="liveagent_button_offline_5731r0000008g5K" onclick="javascript:window.open('mailto:info@condis.es');" style="display: none; border: 0px none; " src="https://static.condisline.com/images/chat/islpronto_message_es.jpg">
      <script type="text/javascript">
      if (!window._laq) { window._laq = []; }
      window._laq.push(function(){liveagent.showWhenOnline('5731r0000008g5K', document.getElementById('liveagent_button_online_5731r0000008g5K'));
      liveagent.showWhenOffline('5731r0000008g5K', document.getElementById('liveagent_button_offline_5731r0000008g5K'));
      });</script>
  </a>

  <a id="return-top-btn" class="return_button" title="Volver arriba" href="javascript:void(0);" style="display: block; opacity: 1;"></a>
</ul>
  </div>

        </footer>
    







<div id="customer_data"></div><div id="fb-root" class=" fb_reset"><div style="position: absolute; top: -10000px; width: 0px; height: 0px;"><div></div></div></div></body></html>