<!DOCTYPE html><html><head>
        <meta charset="UTF-8">
<meta name="viewport" content="width=device-width, initial-scale=1.0, maximum-scale=1.0, user-scalable=no">
<meta name="format-detection" content="telephone=no">
<meta http-equiv="X-UA-Compatible" content="IE=edge">


    <meta name="robots" content="index, follow">



    <title>Aceite y vinagre en Condisline, tu supermercado online</title>



    <meta name="description" content="En la sección de Aceite y vinagre te ofrecemos una completa gama de productos al mejor precio. Compra en Condisline, tu supermercado online">



    <link rel="alternate" href="https://www.condisline.com/Alimentacion_Aceite-y-vinagre_c01_cat00020001_cat_es_ES.jsp" hreflang="es">



    <link rel="alternate" href="https://www.condisline.com/Alimentacio_Oli-i-vinagre_c01_cat00020001_cat_ca_ES.jsp" hreflang="ca">


<link rel="shortcut icon" href="//static.condisline.com/static-app/j2_233f/images/condisline.ico">

<link rel="stylesheet" href="//static.condisline.com/static-app/j2_233f/styles/interface.css">
<link rel="stylesheet" href="//static.condisline.com/static-app/j2_233f/styles/condis.css">
<link rel="stylesheet" href="//static.condisline.com/static-app/j2_233f/fonts/icomoon/style.css">

<script src="https://connect.facebook.net/es_ES/sdk.js?hash=4dc7cae4bbf8980541590e2aadfd2f99" async="" crossorigin="anonymous"></script><script id="facebook-jssdk" src="//connect.facebook.net/es_ES/sdk.js"></script><script async="" src="https://www.googletagmanager.com/gtm.js?id=GTM-K54HK82"></script><script type="text/javascript">
    window.dataLayer = window.dataLayer || [];
    var staticUrl = '//static.condisline.com/static-app/j2_233f';
    var addressGoogleService = 'true';
    var strandsEnabled = 'false';
    var pleasePluginEnabled = 'true';
    var googleServiceKey = 'AIzaSyBeqqxvGqGcP0cwdSA2_o6Hfffn-iOUUBQ';
    var sfChatId1 = '5721r0000008g9T';
    var sfChatId2 = '00D1r000000sfpu';
    var store_context_root =  '';
    var empathy_url = 'https://api.empathy.co/';
    var empathy_suggestions_url = 'search/v1/query/condis/empathize?';
    var empathy_next_queries_url = 'nextqueries/condis?';
    var empathy_related_tags_url = 'relatedtags/condis?';
    var empathy_top_clicked_url = 'search/v1/query/condis/topclicked?';
    var empathy_sku_search_url = 'search/v1/query/skusearch?';
    var empathy_search_url = 'search/v1/query/search?';
    var empathy_mobileOrDesktop =  'desktop';
    var environment = 'pro';

</script>

<script>(function(w,d,s,l,i){w[l]=w[l]||[];w[l].push({'gtm.start':
new Date().getTime(),event:'gtm.js'});var f=d.getElementsByTagName(s)[0],
j=d.createElement(s),dl=l!='dataLayer'?'&l='+l:'';j.async=true;j.src=
'https://www.googletagmanager.com/gtm.js?id='+i+dl;f.parentNode.insertBefore(j,f);
})(window,document,'script','dataLayer','GTM-K54HK82');
</script>

<script type="text/javascript" src="//static.condisline.com/static-app/j2_233f/js/jquery.min.js"></script>
<script type="text/javascript" src="//static.condisline.com/static-app/j2_233f/js/jquery.lazyload.js"></script>
<script type="text/javascript" src="//static.condisline.com/static-app/j2_233f/js/jquery-ui.min.js"></script>
<script type="text/javascript" src="//static.condisline.com/static-app/j2_233f/js/jquery.imageLens.js"></script>
<script type="text/javascript" src="//static.condisline.com/static-app/j2_233f/js/jquery.typewatch.js"></script>
<script type="text/javascript" src="//static.condisline.com/static-app/j2_233f/js/common.js"></script>
<script type="text/javascript" src="//static.condisline.com/static-app/j2_233f/js/index.js"></script>
<script type="text/javascript" src="//static.condisline.com/static-app/j2_233f/js/utils.js"></script>
<script type="text/javascript" src="//static.condisline.com/static-app/j2_233f/js/condis.js"></script>
<script type="text/javascript" src="//static.condisline.com/static-app/j2_233f/js/handlebars-v3.0.3.js"></script>
<script type="text/javascript" src="//static.condisline.com/static-app/j2_233f/js/environment-pro.js"></script>
<script type="text/javascript" src="//static.condisline.com/static-app/j2_233f/js/commerce_rest-v.0.1.js"></script>
<script type="text/javascript" src="//static.condisline.com/static-app/j2_233f/js/supportStore.js"></script>
<script type="text/javascript" src="//static.condisline.com/static-app/j2_233f/js/validator.js"></script>
<script type="text/javascript" src="//static.condisline.com/static-app/j2_233f/js/jquery.cookie.js"></script>
<script type="text/javascript" src="//static.condisline.com/static-app/j2_233f/js/product-list.js"></script>
<script type="text/javascript" src="https://maps.googleapis.com/maps/api/js?key=AIzaSyBeqqxvGqGcP0cwdSA2_o6Hfffn-iOUUBQ&amp;libraries=geometry"></script>

<script type="module" src="https://platform.pleasepoint.com/pleasepoint-widgets/index.js"></script>


<script type="text/javascript" src="https://c.la1-c1cs-par.salesforceliveagent.com/content/g/js/42.0/deployment.js"></script>
<script type="text/javascript">
liveagent.init('https://d.la1-c2-par.salesforceliveagent.com/chat', '5721r0000008g9T', '00D1r000000sfpu');
//liveagent.init('https://d.la1-c1cs-par.salesforceliveagent.com/chat', '5720E00000000EX', '00D0E00000017bO');
</script>

<script>
    var templateName = 'desktop/category/bodyTemplate';
    var locale = 'es_ES';
    var catalogId = 'SVC';
    var localeSearch = locale.substring(0,2);
</script>

<!--[if lt IE 9]>
    <script src="//static.condisline.com/static-app/j2_233f/js/html5shiv.min.js"></script>
<![endif]-->


        <link rel="stylesheet" href="//static.condisline.com/static-app/j2_233f/styles/product-list.css">
    <link rel="stylesheet" href="//static.condisline.com/static-app/j2_233f/styles/purchasing-process-step-1.css"><style type="text/css" data-fbcssmodules="css:fb.css.base css:fb.css.dialog css:fb.css.iframewidget">.fb_hidden{position:absolute;top:-10000px;z-index:10001}.fb_reposition{overflow:hidden;position:relative}.fb_invisible{display:none}.fb_reset{background:none;border:0px;border-spacing:0;color:#000;cursor:auto;direction:ltr;font-family:'lucida grande', tahoma, verdana, arial, sans-serif;font-size:11px;font-style:normal;font-variant:normal;font-weight:normal;letter-spacing:normal;line-height:1;margin:0;overflow:visible;padding:0;text-align:left;text-decoration:none;text-indent:0;text-shadow:none;text-transform:none;visibility:visible;white-space:normal;word-spacing:normal}.fb_reset>div{overflow:hidden}@keyframes fb_transform{from{opacity:0;transform:scale(.95)}to{opacity:1;transform:scale(1)}}.fb_animate{animation:fb_transform .3s forwards}
.fb_hidden{position:absolute;top:-10000px;z-index:10001}.fb_reposition{overflow:hidden;position:relative}.fb_invisible{display:none}.fb_reset{background:none;border:0px;border-spacing:0;color:#000;cursor:auto;direction:ltr;font-family:'lucida grande', tahoma, verdana, arial, sans-serif;font-size:11px;font-style:normal;font-variant:normal;font-weight:normal;letter-spacing:normal;line-height:1;margin:0;overflow:visible;padding:0;text-align:left;text-decoration:none;text-indent:0;text-shadow:none;text-transform:none;visibility:visible;white-space:normal;word-spacing:normal}.fb_reset>div{overflow:hidden}@keyframes fb_transform{from{opacity:0;transform:scale(.95)}to{opacity:1;transform:scale(1)}}.fb_animate{animation:fb_transform .3s forwards}
.fb_dialog{background:rgba(82,82,82,.7);position:absolute;top:-10000px;z-index:10001}.fb_dialog_advanced{border-radius:8px;padding:10px}.fb_dialog_content{background:#fff;color:#373737}.fb_dialog_close_icon{background:url(https://connect.facebook.net/rsrc.php/v4/yq/r/IE9JII6Z1Ys.png) no-repeat scroll 0 0 transparent;cursor:pointer;display:block;height:15px;position:absolute;right:18px;top:17px;width:15px}.fb_dialog_mobile .fb_dialog_close_icon{left:5px;right:auto;top:5px}.fb_dialog_padding{background-color:transparent;position:absolute;width:1px;z-index:-1}.fb_dialog_close_icon:hover{background:url(https://connect.facebook.net/rsrc.php/v4/yq/r/IE9JII6Z1Ys.png) no-repeat scroll 0 -15px transparent}.fb_dialog_close_icon:active{background:url(https://connect.facebook.net/rsrc.php/v4/yq/r/IE9JII6Z1Ys.png) no-repeat scroll 0 -30px transparent}.fb_dialog_iframe{line-height:0}.fb_dialog_content .dialog_title{background:#6d84b4;border:1px solid #365899;color:#fff;font-size:14px;font-weight:bold;margin:0}.fb_dialog_content .dialog_title>span{background:url(https://connect.facebook.net/rsrc.php/v4/yd/r/Cou7n-nqK52.gif) no-repeat 5px 50%;float:left;padding:5px 0 7px 26px}body.fb_hidden{height:100%;left:0px;margin:0px;overflow:visible;position:absolute;top:-10000px;transform:none;width:100%}.fb_dialog.fb_dialog_mobile.loading{background:url(https://connect.facebook.net/rsrc.php/v4/ya/r/3rhSv5V8j3o.gif) white no-repeat 50% 50%;min-height:100%;min-width:100%;overflow:hidden;position:absolute;top:0;z-index:10001}.fb_dialog.fb_dialog_mobile.loading.centered{background:none;height:auto;min-height:initial;min-width:initial;width:auto}.fb_dialog.fb_dialog_mobile.loading.centered #fb_dialog_loader_spinner{width:100%}.fb_dialog.fb_dialog_mobile.loading.centered .fb_dialog_content{background:none}.loading.centered #fb_dialog_loader_close{clear:both;color:white;display:block;font-size:18px;padding-top:20px}#fb-root #fb_dialog_ipad_overlay{background:rgba(0,0,0,.4);bottom:0;left:0;min-height:100%;position:absolute;right:0;top:0;width:100%;z-index:10000}#fb-root #fb_dialog_ipad_overlay.hidden{display:none}.fb_dialog.fb_dialog_mobile.loading iframe{visibility:hidden}.fb_dialog_mobile .fb_dialog_iframe{position:sticky;top:0}.fb_dialog_content .dialog_header{background:linear-gradient(from(#738aba), to(#2c4987));border-bottom:1px solid;border-color:#043b87;box-shadow:white 0px 1px 1px -1px inset;color:#fff;font:bold 14px Helvetica, sans-serif;text-overflow:ellipsis;text-shadow:rgba(0,30,84,.296875) 0px -1px 0px;vertical-align:middle;white-space:nowrap}.fb_dialog_content .dialog_header table{height:43px;width:100%}.fb_dialog_content .dialog_header td.header_left{font-size:12px;padding-left:5px;vertical-align:middle;width:60px}.fb_dialog_content .dialog_header td.header_right{font-size:12px;padding-right:5px;vertical-align:middle;width:60px}.fb_dialog_content .touchable_button{background:linear-gradient(from(#4267b2), to(#2a4887));background-clip:padding-box;border:1px solid #29487d;border-radius:3px;display:inline-block;line-height:18px;margin-top:3px;max-width:85px;padding:4px 12px;position:relative}.fb_dialog_content .dialog_header .touchable_button input{background:none;border:none;color:white;font:bold 12px Helvetica, sans-serif;margin:2px -12px;padding:2px 6px 3px 6px;text-shadow:rgba(0,30,84,.296875) 0px -1px 0px}.fb_dialog_content .dialog_header .header_center{color:#fff;font-size:16px;font-weight:bold;line-height:18px;text-align:center;vertical-align:middle}.fb_dialog_content .dialog_content{background:url(https://connect.facebook.net/rsrc.php/v4/y9/r/jKEcVPZFk-2.gif) no-repeat 50% 50%;border:1px solid #4a4a4a;border-bottom:0;border-top:0;height:150px}.fb_dialog_content .dialog_footer{background:#f5f6f7;border:1px solid #4a4a4a;border-top-color:#ccc;height:40px}#fb_dialog_loader_close{float:left}.fb_dialog.fb_dialog_mobile .fb_dialog_close_icon{visibility:hidden}#fb_dialog_loader_spinner{animation:rotateSpinner 1.2s linear infinite;background-color:transparent;background-image:url(https://connect.facebook.net/rsrc.php/v4/yD/r/t-wz8gw1xG1.png);background-position:50% 50%;background-repeat:no-repeat;height:24px;width:24px}@keyframes rotateSpinner{0%{transform:rotate(0deg)}100%{transform:rotate(360deg)}}
.fb_iframe_widget{display:inline-block;position:relative}.fb_iframe_widget span{display:inline-block;position:relative;text-align:justify}.fb_iframe_widget iframe{position:absolute}.fb_iframe_widget_fluid_desktop,.fb_iframe_widget_fluid_desktop span,.fb_iframe_widget_fluid_desktop iframe{max-width:100%}.fb_iframe_widget_fluid_desktop iframe{min-width:220px;position:relative}.fb_iframe_widget_lift{z-index:1}.fb_iframe_widget_fluid{display:inline}.fb_iframe_widget_fluid span{width:100%}</style><script type="text/javascript" charset="UTF-8" src="https://maps.googleapis.com/maps-api-v3/api/js/60/12/common.js"></script><script type="text/javascript" charset="UTF-8" src="https://maps.googleapis.com/maps-api-v3/api/js/60/12/util.js"></script></head>
    <body>

            <noscript><iframe src="https://www.googletagmanager.com/ns.html?id=GTM-K54HK82"
height="0" width="0" style="display:none;visibility:hidden"></iframe></noscript>

<header id="header_container" class="header_container">


            <div id="mainHeader" class="content_container">
                <div class="logo_container">

                    <a class="logo_link" title="Condisline" href="/">
                        <img class="logo_image" alt="Logotipo de Condisline" src="//static.condisline.com/static-app/j2_233f/images/logo-condisline.png" width="247">
                    </a>



                    <div class="site_container">

                        <div class="province_container" onclick="dataLayer.push({event:'event_gtm', category:'experiencia usuario', action:'cambio surtido'});">

                                    
                                        
                                            <span class="province" title="Establece el surtido de la web dependiendo de la Zona seleccionada Catalunya">Zona <span class="bold">Catalunya</span></span>
                                        
                                    
                                    <a class="province" title="Establece el surtido de la web dependiendo de la Zona seleccionada " href="https://www.condisline.ad" target="_blank">Zona <span class="bold">Andorra</span></a>
                        </div>

                        <div class="language_container" onclick="dataLayer.push({event:'event_gtm', category:'experiencia usuario', action:'cambio idioma'});">
                            
                                
                                    <span class="language" title="Cambiar a idioma Castellano" href="javascript:selectLang('es_ES');"><span class="text">idioma </span><span class="bold">Castellano</span></span>
                                
                            
                                
                                    <a class="language" title="Cambiar a idioma Català" href="javascript:selectLang('ca_ES');"><span class="text">idioma </span><span class="bold">Català</span></a>
                                
                            
                        </div>
                    </div>

                </div>


                <div id="search_form" class="search_container">
                    <label class="label_container">
                        <input id="term" type="search" name="term" autocomplete="off" maxlength="50" placeholder="Buscar productos">
                        <input type="hidden" id="source" name="source" value="directSearch">
                        <a id="search_button" class="search_button disabled" title="Buscar" onclick="javascript:directSearchButton()">&gt;</a>
                        <div id="searchingResults" class="ui-autocomplete">
                            <div id="suggestions" class="suggestions-class" style="display: none;"></div>
                            <div id="nextQueries" class="nextQueries-class" style="display: none;"></div>
                            <div id="relatedtags" class="relatedtags-class" style="display: none;"></div>
                        </div>
                    </label>
                </div>


                    <a class="cart_button" title="Ver mi carrito de la compra" href="/shoppingcart">
                        <div id="seccionCartSummaryHeadInfo">
    <span class="products_number">0</span>
    <div class="price_container">
        <span class="price"><span id="total_price_">0,00</span><span class="currency">€</span></span>
        <span class="cart_text">ver carrito</span>
     </div>

</div>
                    </a>

                    
<div id="unlogged_frame" style="display: block;">
    <a class="user_button" title="Ir a mi cuenta" href="javascript:showLogin();"><span id="login_name" title="Ir a mi cuenta" href="javascript:showLogin();">Mi cuenta</span></a>
</div>


<div id="logged_frame" style="display:none" class="user_button logged">
    <span id="logged_name"></span>
    <div class="user_options">
        <a class="user_option" title="Ir a mi cuenta" href="javascript:privateArea();">Ir a mi cuenta</a>
        <a class="user_option" title="Salir" href="javascript:sendLogout();">Salir</a>
    </div>
</div>


<div class="disponibility_container">
    <a id="disponibility_button" class="disponibility_button" title="Comprueba si tienes servicio" href="javascript:void(0);">Comprueba si tienes servicio<span></span></a>
    <div class="disponibility_content check_cp">
        <label class="disponibility_label">
            <input id="check_disponibility" type="text" maxlength="5" autocomplete="off">
            <span class="placeholder">Indica tu C.P.</span>
        </label>
        <a class="check_disponibility" title="Comprobar" href="javascript:checkServiceAvailability('SVC');" onclick="dataLayer.push({event:'event_gtm', category: 'experiencia usuario',action:'comprobar cobertura', label: $('#check_disponibility').val()});">COMPROBAR</a>
    </div>
    <div class="disponibility_content msg_cp">
        <p id="disponibility_ok" class="disponibility_text" style="display:none"><span>¡PERFECTO!</span>Tenemos servicio para la zona indicada</p>
        <p id="disponibility_ko" class="disponibility_text" style="display:none"><span>¡SERVICIO NO DISPONIBLE!</span>No tenemos servicio para la zona indicada</p>
    </div>
</div>



                <nav class="nav_container">
                    <ul class="menu_container">
                        <li id="quick_list_container" class="need_link_container">

                            <p class="need_link">¿Qué necesitas?</p>

                            <div id="notebook_container" class="notebook_container show" onclick="setTimeout(saveQuicklistState, 500)" style="display: none;"><div class="notebook">
    <div class="notebook_rings"></div>

    
        <p class="text_list">Escribe los productos que necesitas y compra más rápido. Por ejemplo:</p>
        <label class="list_container">
            <textarea id="quickListContent" class="list" onblur="javascript:setQuickList(this)"></textarea>
            <span id="quicklistPlaceHolder" class="placeholder">Sal<br>Paté<br>Cava</span>
        </label>
        <a class="orange_button" title="Buscar productos" href="javascript:void(0);" onclick="searchQuickList();">BUSCAR PRODUCTOS&nbsp;&nbsp;&gt;</a>

        <a class="white_button" title="Mis listas" href="javaScript: void(0);" onclick="javascript:initMiListasFromAsistente();dataLayer.push({event:'event_gtm', category:'acciones usuario', action:'ver mis listas'});">Mis listas</a>
    
</div>

</div>

                        </li>

                        
                            <li class="menu_link_container c01">
                                <span class="menu_link"><a title="Desplegar sección Alimentación" href="javascript:void(0);">Alimentación</a></span>
                                

                                    <div id="c01" name="c01" class="submenu">
                                        <ul class="submenu_container">
                                                    
                                                        

                                                            <li class="submenu_link_container">
                                                                <a class="submenu_link" title="Ir a sección Aceite y vinagre" href="/Alimentacion_Aceite-y-vinagre_c01_cat00020001_cat_es_ES.jsp">Aceite y vinagre</a>
                                                            </li>
                                                        

                                                            <li class="submenu_link_container">
                                                                <a class="submenu_link" title="Ir a sección Sal, salsas y especias" href="/Alimentacion_Sal-salsas-y-especias_c01_cat00020004_cat_es_ES.jsp">Sal, salsas y especias</a>
                                                            </li>
                                                        

                                                            <li class="submenu_link_container">
                                                                <a class="submenu_link" title="Ir a sección Arroz, pasta y legumbres secas" href="/Alimentacion_Arroz-pasta-y-legumbres-secas_c01_cat00090001_cat_es_ES.jsp">Arroz, pasta y legumbres secas</a>
                                                            </li>
                                                        

                                                            <li class="submenu_link_container">
                                                                <a class="submenu_link" title="Ir a sección Panes, harinas y masas" href="/Alimentacion_Panes-harinas-y-masas_c01_cat00190004_cat_es_ES.jsp">Panes, harinas y masas</a>
                                                            </li>
                                                        

                                                            <li class="submenu_link_container">
                                                                <a class="submenu_link" title="Ir a sección Caldos, cremas y purés" href="/Alimentacion_Caldos-cremas-y-pures_c01_cat00260001_cat_es_ES.jsp">Caldos, cremas y purés</a>
                                                            </li>
                                                        

                                                            <li class="submenu_link_container">
                                                                <a class="submenu_link" title="Ir a sección Patatas fritas y snacks" href="/Alimentacion_Patatas-fritas-y-snacks_c01_cat00050006_cat_es_ES.jsp">Patatas fritas y snacks</a>
                                                            </li>
                                                        

                                                            <li class="submenu_link_container">
                                                                <a class="submenu_link" title="Ir a sección Aceitunas y encurtidos" href="/Alimentacion_Aceitunas-y-encurtidos_c01_cat00050001_cat_es_ES.jsp">Aceitunas y encurtidos</a>
                                                            </li>
                                                        

                                                            <li class="submenu_link_container">
                                                                <a class="submenu_link" title="Ir a sección Frutos secos y deshidratados" href="/Alimentacion_Frutos-secos-y-deshidratados_c01_cat00050004_cat_es_ES.jsp">Frutos secos y deshidratados</a>
                                                            </li>
                                                        

                                                            <li class="submenu_link_container">
                                                                <a class="submenu_link" title="Ir a sección Conservas vegetales" href="/Alimentacion_Conservas-vegetales_c01_cat00130003_cat_es_ES.jsp">Conservas vegetales</a>
                                                            </li>
                                                        

                                                            <li class="submenu_link_container">
                                                                <a class="submenu_link" title="Ir a sección Conservas de carne" href="/Alimentacion_Conservas-de-carne_c01_cat00130001_cat_es_ES.jsp">Conservas de carne</a>
                                                            </li>
                                                        

                                                            <li class="submenu_link_container">
                                                                <a class="submenu_link" title="Ir a sección Conservas de pescado y marisco" href="/Alimentacion_Conservas-de-pescado-y-marisco_c01_cat00130002_cat_es_ES.jsp">Conservas de pescado y marisco</a>
                                                            </li>
                                                        

                                                            <li class="submenu_link_container">
                                                                <a class="submenu_link" title="Ir a sección Platos preparados" href="/Alimentacion_Platos-preparados_c01_cat00130008_cat_es_ES.jsp">Platos preparados</a>
                                                            </li>
                                                        

                                                            <li class="submenu_link_container">
                                                                <a class="submenu_link" title="Ir a sección Conservas de fruta" href="/Alimentacion_Conservas-de-fruta_c01_cat00130004_cat_es_ES.jsp">Conservas de fruta</a>
                                                            </li>
                                                        

                                                            <li class="submenu_link_container">
                                                                <a class="submenu_link" title="Ir a sección Dietéticos" href="/Alimentacion_Dieteticos_c01_cat00030001_cat_es_ES.jsp">Dietéticos</a>
                                                            </li>
                                                        
                                                
                                        </ul>

                                    

                                    </div>


                                
                            </li>
                        
                            <li class="menu_link_container c02">
                                <span class="menu_link"><a title="Desplegar sección Mundo placer" href="javascript:void(0);">Mundo placer</a></span>
                                

                                    <div id="c02" name="c02" class="submenu">
                                        <ul class="submenu_container">
                                                    
                                                        

                                                            <li class="submenu_link_container">
                                                                <a class="submenu_link" title="Ir a sección Chocolatinas y snacks" href="/Mundo-placer_Chocolatinas-y-snacks_c02_cat00110003_cat_es_ES.jsp">Chocolatinas y snacks</a>
                                                            </li>
                                                        

                                                            <li class="submenu_link_container">
                                                                <a class="submenu_link" title="Ir a sección Chocolates y bombones" href="/Mundo-placer_Chocolates-y-bombones_c02_cat00110002_cat_es_ES.jsp">Chocolates y bombones</a>
                                                            </li>
                                                        

                                                            <li class="submenu_link_container">
                                                                <a class="submenu_link" title="Ir a sección Cacao y cereales solubles" href="/Mundo-placer_Cacao-y-cereales-solubles_c02_cat00070002_cat_es_ES.jsp">Cacao y cereales solubles</a>
                                                            </li>
                                                        

                                                            <li class="submenu_link_container">
                                                                <a class="submenu_link" title="Ir a sección Café, té e infusiones" href="/Mundo-placer_Cafe-te-e-infusiones_c02_cat00070004_cat_es_ES.jsp">Café, té e infusiones</a>
                                                            </li>
                                                        

                                                            <li class="submenu_link_container">
                                                                <a class="submenu_link" title="Ir a sección Galletas" href="/Mundo-placer_Galletas_c02_cat00090003_cat_es_ES.jsp">Galletas</a>
                                                            </li>
                                                        

                                                            <li class="submenu_link_container">
                                                                <a class="submenu_link" title="Ir a sección Azúcar y edulcorantes" href="/Mundo-placer_Azucar-y-edulcorantes_c02_cat00170001_cat_es_ES.jsp">Azúcar y edulcorantes</a>
                                                            </li>
                                                        

                                                            <li class="submenu_link_container">
                                                                <a class="submenu_link" title="Ir a sección Postres y decoración" href="/Mundo-placer_Postres-y-decoracion_c02_cat00170006_cat_es_ES.jsp">Postres y decoración</a>
                                                            </li>
                                                        

                                                            <li class="submenu_link_container">
                                                                <a class="submenu_link" title="Ir a sección Caramelos y golosinas" href="/Mundo-placer_Caramelos-y-golosinas_c02_cat00170002_cat_es_ES.jsp">Caramelos y golosinas</a>
                                                            </li>
                                                        

                                                            <li class="submenu_link_container">
                                                                <a class="submenu_link" title="Ir a sección Pastelería y bollería" href="/Mundo-placer_Pasteleria-y-bolleria_c02_cat00170005_cat_es_ES.jsp">Pastelería y bollería</a>
                                                            </li>
                                                        

                                                            <li class="submenu_link_container">
                                                                <a class="submenu_link" title="Ir a sección Turrones y pastelería de navidad" href="/Mundo-placer_Turrones-y-pasteleria-de-navidad_c02_cat00170004_cat_es_ES.jsp">Turrones y pastelería de navidad</a>
                                                            </li>
                                                        

                                                            <li class="submenu_link_container">
                                                                <a class="submenu_link" title="Ir a sección Mermeladas y miel" href="/Mundo-placer_Mermeladas-y-miel_c02_cat00130005_cat_es_ES.jsp">Mermeladas y miel</a>
                                                            </li>
                                                        

                                                            <li class="submenu_link_container">
                                                                <a class="submenu_link" title="Ir a sección Cereales y barritas" href="/Mundo-placer_Cereales-y-barritas_c02_cat00090002_cat_es_ES.jsp">Cereales y barritas</a>
                                                            </li>
                                                        
                                                
                                        </ul>

                                    

                                    </div>


                                
                            </li>
                        
                            <li class="menu_link_container c03">
                                <span class="menu_link"><a title="Desplegar sección Frescos" href="javascript:void(0);">Frescos</a></span>
                                

                                    <div id="c03" name="c03" class="submenu">
                                        <ul class="submenu_container">
                                                    
                                                        

                                                            <li class="submenu_link_container">
                                                                <a class="submenu_link" title="Ir a sección Frutas" href="/Frescos_Frutas_c03_cat00150001_cat_es_ES.jsp">Frutas</a>
                                                            </li>
                                                        

                                                            <li class="submenu_link_container">
                                                                <a class="submenu_link" title="Ir a sección Verduras y hortalizas" href="/Frescos_Verduras-y-hortalizas_c03_cat00150002_cat_es_ES.jsp">Verduras y hortalizas</a>
                                                            </li>
                                                        

                                                            <li class="submenu_link_container">
                                                                <a class="submenu_link" title="Ir a sección Pescado y marisco" href="/Frescos_Pescado-y-marisco_c03_cat00290001_cat_es_ES.jsp">Pescado y marisco</a>
                                                            </li>
                                                        

                                                            <li class="submenu_link_container">
                                                                <a class="submenu_link" title="Ir a sección Aves y conejo" href="/Frescos_Aves-y-conejo_c03_cat00080001_cat_es_ES.jsp">Aves y conejo</a>
                                                            </li>
                                                        

                                                            <li class="submenu_link_container">
                                                                <a class="submenu_link" title="Ir a sección Cerdo" href="/Frescos_Cerdo_c03_cat00080002_cat_es_ES.jsp">Cerdo</a>
                                                            </li>
                                                        

                                                            <li class="submenu_link_container">
                                                                <a class="submenu_link" title="Ir a sección Vacuno y potro" href="/Frescos_Vacuno-y-potro_c03_cat00080005_cat_es_ES.jsp">Vacuno y potro</a>
                                                            </li>
                                                        

                                                            <li class="submenu_link_container">
                                                                <a class="submenu_link" title="Ir a sección Cordero y cabrito" href="/Frescos_Cordero-y-cabrito_c03_cat00080003_cat_es_ES.jsp">Cordero y cabrito</a>
                                                            </li>
                                                        

                                                            <li class="submenu_link_container">
                                                                <a class="submenu_link" title="Ir a sección Huevos" href="/Frescos_Huevos_c03_cat00080004_cat_es_ES.jsp">Huevos</a>
                                                            </li>
                                                        

                                                            <li class="submenu_link_container">
                                                                <a class="submenu_link" title="Ir a sección Charcutería" href="/Frescos_Charcuteria_c03_cat00100002_cat_es_ES.jsp">Charcutería</a>
                                                            </li>
                                                        

                                                            <li class="submenu_link_container">
                                                                <a class="submenu_link" title="Ir a sección Quesos" href="/Frescos_Quesos_c03_cat00230001_cat_es_ES.jsp">Quesos</a>
                                                            </li>
                                                        

                                                            <li class="submenu_link_container">
                                                                <a class="submenu_link" title="Ir a sección Ahumados y salazones" href="/Frescos_Ahumados-y-salazones_c03_cat00210010_cat_es_ES.jsp">Ahumados y salazones</a>
                                                            </li>
                                                        
                                                
                                        </ul>

                                    

                                    </div>


                                
                            </li>
                        
                            <li class="menu_link_container c04">
                                <span class="menu_link"><a title="Desplegar sección Refrigerados" href="javascript:void(0);">Refrigerados</a></span>
                                

                                    <div id="c04" name="c04" class="submenu">
                                        <ul class="submenu_container">
                                                    
                                                        

                                                            <li class="submenu_link_container">
                                                                <a class="submenu_link" title="Ir a sección Yogures" href="/Refrigerados_Yogures_c04_cat00210012_cat_es_ES.jsp">Yogures</a>
                                                            </li>
                                                        

                                                            <li class="submenu_link_container">
                                                                <a class="submenu_link" title="Ir a sección Postres y nata" href="/Refrigerados_Postres-y-nata_c04_cat00210009_cat_es_ES.jsp">Postres y nata</a>
                                                            </li>
                                                        

                                                            <li class="submenu_link_container">
                                                                <a class="submenu_link" title="Ir a sección Mantequillas y margarina" href="/Refrigerados_Mantequillas-y-margarina_c04_cat00210006_cat_es_ES.jsp">Mantequillas y margarina</a>
                                                            </li>
                                                        

                                                            <li class="submenu_link_container">
                                                                <a class="submenu_link" title="Ir a sección Bebida Vegetal, batidos y horchata" href="/Refrigerados_Bebida-Vegetal-batidos-y-horchata_c04_cat00210002_cat_es_ES.jsp">Bebida Vegetal, batidos y horchata</a>
                                                            </li>
                                                        

                                                            <li class="submenu_link_container">
                                                                <a class="submenu_link" title="Ir a sección Pasta y salsa fresca" href="/Refrigerados_Pasta-y-salsa-fresca_c04_cat00240005_cat_es_ES.jsp">Pasta y salsa fresca</a>
                                                            </li>
                                                        

                                                            <li class="submenu_link_container">
                                                                <a class="submenu_link" title="Ir a sección Pizzas frescas" href="/Refrigerados_Pizzas-frescas_c04_cat00240006_cat_es_ES.jsp">Pizzas frescas</a>
                                                            </li>
                                                        

                                                            <li class="submenu_link_container">
                                                                <a class="submenu_link" title="Ir a sección Platos preparados refrigerados" href="/Refrigerados_Platos-preparados-refrigerados_c04_cat119009_cat_es_ES.jsp">Platos preparados refrigerados</a>
                                                            </li>
                                                        
                                                
                                        </ul>

                                    

                                    </div>


                                
                            </li>
                        
                            <li class="menu_link_container c05">
                                <span class="menu_link"><a title="Desplegar sección Congelados" href="javascript:void(0);">Congelados</a></span>
                                

                                    <div id="c05" name="c05" class="submenu">
                                        <ul class="submenu_container">
                                                    
                                                        

                                                            <li class="submenu_link_container">
                                                                <a class="submenu_link" title="Ir a sección Verdura congelada" href="/Congelados_Verdura-congelada_c05_cat00120007_cat_es_ES.jsp">Verdura congelada</a>
                                                            </li>
                                                        

                                                            <li class="submenu_link_container">
                                                                <a class="submenu_link" title="Ir a sección Pescado congelado" href="/Congelados_Pescado-congelado_c05_cat00120002_cat_es_ES.jsp">Pescado congelado</a>
                                                            </li>
                                                        

                                                            <li class="submenu_link_container">
                                                                <a class="submenu_link" title="Ir a sección Platos preparados congelados" href="/Congelados_Platos-preparados-congelados_c05_cat00120005_cat_es_ES.jsp">Platos preparados congelados</a>
                                                            </li>
                                                        

                                                            <li class="submenu_link_container">
                                                                <a class="submenu_link" title="Ir a sección Pizzas congeladas y masas" href="/Congelados_Pizzas-congeladas-y-masas_c05_cat00120003_cat_es_ES.jsp">Pizzas congeladas y masas</a>
                                                            </li>
                                                        

                                                            <li class="submenu_link_container">
                                                                <a class="submenu_link" title="Ir a sección Panadería y pastelería congelada" href="/Congelados_Panaderia-y-pasteleria-congelada_c05_cat00120006_cat_es_ES.jsp">Panadería y pastelería congelada</a>
                                                            </li>
                                                        

                                                            <li class="submenu_link_container">
                                                                <a class="submenu_link" title="Ir a sección Helados" href="/Congelados_Helados_c05_cat00120001_cat_es_ES.jsp">Helados</a>
                                                            </li>
                                                        

                                                            <li class="submenu_link_container">
                                                                <a class="submenu_link" title="Ir a sección Hielo y otros congelados" href="/Congelados_Hielo-y-otros-congelados_c05_cat00120004_cat_es_ES.jsp">Hielo y otros congelados</a>
                                                            </li>
                                                        
                                                
                                        </ul>

                                    

                                    </div>


                                
                            </li>
                        
                            <li class="menu_link_container c06">
                                <span class="menu_link"><a title="Desplegar sección Bodega" href="javascript:void(0);">Bodega</a></span>
                                

                                    <div id="c06" name="c06" class="submenu">
                                        <ul class="submenu_container">
                                                    
                                                        

                                                            <li class="submenu_link_container">
                                                                <a class="submenu_link" title="Ir a sección Vinos tintos" href="/Bodega_Vinos-tintos_c06_cat00220005_cat_es_ES.jsp">Vinos tintos</a>
                                                            </li>
                                                        

                                                            <li class="submenu_link_container">
                                                                <a class="submenu_link" title="Ir a sección Vinos blancos" href="/Bodega_Vinos-blancos_c06_cat00220004_cat_es_ES.jsp">Vinos blancos</a>
                                                            </li>
                                                        

                                                            <li class="submenu_link_container">
                                                                <a class="submenu_link" title="Ir a sección Vinos rosados" href="/Bodega_Vinos-rosados_c06_cat00270002_cat_es_ES.jsp">Vinos rosados</a>
                                                            </li>
                                                        

                                                            <li class="submenu_link_container">
                                                                <a class="submenu_link" title="Ir a sección Finos, moscateles y vermuts" href="/Bodega_Finos-moscateles-y-vermuts_c06_cat00270003_cat_es_ES.jsp">Finos, moscateles y vermuts</a>
                                                            </li>
                                                        

                                                            <li class="submenu_link_container">
                                                                <a class="submenu_link" title="Ir a sección Vino de mesa y sangrías" href="/Bodega_Vino-de-mesa-y-sangrias_c06_cat00050009_cat_es_ES.jsp">Vino de mesa y sangrías</a>
                                                            </li>
                                                        

                                                            <li class="submenu_link_container">
                                                                <a class="submenu_link" title="Ir a sección Cava, champán y sidra" href="/Bodega_Cava-champan-y-sidra_c06_cat00220001_cat_es_ES.jsp">Cava, champán y sidra</a>
                                                            </li>
                                                        

                                                            <li class="submenu_link_container">
                                                                <a class="submenu_link" title="Ir a sección Licores" href="/Bodega_Licores_c06_cat00220002_cat_es_ES.jsp">Licores</a>
                                                            </li>
                                                        
                                                
                                        </ul>

                                    

                                    </div>


                                
                            </li>
                        
                            <li class="menu_link_container c07">
                                <span class="menu_link"><a title="Desplegar sección Bebidas" href="javascript:void(0);">Bebidas</a></span>
                                

                                    <div id="c07" name="c07" class="submenu">
                                        <ul class="submenu_container">
                                                    
                                                        

                                                            <li class="submenu_link_container">
                                                                <a class="submenu_link" title="Ir a sección Aguas y gaseosas" href="/Bebidas_Aguas-y-gaseosas_c07_cat00280001_cat_es_ES.jsp">Aguas y gaseosas</a>
                                                            </li>
                                                        

                                                            <li class="submenu_link_container">
                                                                <a class="submenu_link" title="Ir a sección Energéticas e isotónicas" href="/Bebidas_Energeticas-e-isotonicas_c07_cat00280004_cat_es_ES.jsp">Energéticas e isotónicas</a>
                                                            </li>
                                                        

                                                            <li class="submenu_link_container">
                                                                <a class="submenu_link" title="Ir a sección Zumos y cafés" href="/Bebidas_Zumos-y-cafes_c07_cat00280003_cat_es_ES.jsp">Zumos y cafés</a>
                                                            </li>
                                                        

                                                            <li class="submenu_link_container">
                                                                <a class="submenu_link" title="Ir a sección Bebida Vegetal, batidos y horchata" href="/Bebidas_Bebida-Vegetal-batidos-y-horchata_c07_cat00210002_cat_es_ES.jsp">Bebida Vegetal, batidos y horchata</a>
                                                            </li>
                                                        

                                                            <li class="submenu_link_container">
                                                                <a class="submenu_link" title="Ir a sección Leche" href="/Bebidas_Leche_c07_cat00210003_cat_es_ES.jsp">Leche</a>
                                                            </li>
                                                        

                                                            <li class="submenu_link_container">
                                                                <a class="submenu_link" title="Ir a sección Refrescos" href="/Bebidas_Refrescos_c07_cat00280002_cat_es_ES.jsp">Refrescos</a>
                                                            </li>
                                                        

                                                            <li class="submenu_link_container">
                                                                <a class="submenu_link" title="Ir a sección Cervezas" href="/Bebidas_Cervezas_c07_cat00270001_cat_es_ES.jsp">Cervezas</a>
                                                            </li>
                                                        
                                                
                                        </ul>

                                    

                                    </div>


                                
                            </li>
                        
                            <li class="menu_link_container c08">
                                <span class="menu_link"><a title="Desplegar sección Perfumeria e higiene" href="javascript:void(0);">Perfumeria e higiene</a></span>
                                

                                    <div id="c08" name="c08" class="submenu">
                                        <ul class="submenu_container">
                                                    
                                                        

                                                            <li class="submenu_link_container">
                                                                <a class="submenu_link" title="Ir a sección Productos capilares" href="/Perfumeria-e-higiene_Productos-capilares_c08_cat00160007_cat_es_ES.jsp">Productos capilares</a>
                                                            </li>
                                                        

                                                            <li class="submenu_link_container">
                                                                <a class="submenu_link" title="Ir a sección Productos corporales" href="/Perfumeria-e-higiene_Productos-corporales_c08_cat00160008_cat_es_ES.jsp">Productos corporales</a>
                                                            </li>
                                                        

                                                            <li class="submenu_link_container">
                                                                <a class="submenu_link" title="Ir a sección Desodorantes" href="/Perfumeria-e-higiene_Desodorantes_c08_cat00160004_cat_es_ES.jsp">Desodorantes</a>
                                                            </li>
                                                        

                                                            <li class="submenu_link_container">
                                                                <a class="submenu_link" title="Ir a sección Colonias y perfumes" href="/Perfumeria-e-higiene_Colonias-y-perfumes_c08_cat00160001_cat_es_ES.jsp">Colonias y perfumes</a>
                                                            </li>
                                                        

                                                            <li class="submenu_link_container">
                                                                <a class="submenu_link" title="Ir a sección Productos de afeitado" href="/Perfumeria-e-higiene_Productos-de-afeitado_c08_cat00160009_cat_es_ES.jsp">Productos de afeitado</a>
                                                            </li>
                                                        

                                                            <li class="submenu_link_container">
                                                                <a class="submenu_link" title="Ir a sección Cosméticos" href="/Perfumeria-e-higiene_Cosmeticos_c08_cat00160003_cat_es_ES.jsp">Cosméticos</a>
                                                            </li>
                                                        

                                                            <li class="submenu_link_container">
                                                                <a class="submenu_link" title="Ir a sección Higiene bucal" href="/Perfumeria-e-higiene_Higiene-bucal_c08_cat00160005_cat_es_ES.jsp">Higiene bucal</a>
                                                            </li>
                                                        

                                                            <li class="submenu_link_container">
                                                                <a class="submenu_link" title="Ir a sección Parafarmacia" href="/Perfumeria-e-higiene_Parafarmacia_c08_cat00010012_cat_es_ES.jsp">Parafarmacia</a>
                                                            </li>
                                                        

                                                            <li class="submenu_link_container">
                                                                <a class="submenu_link" title="Ir a sección Higiene femenina" href="/Perfumeria-e-higiene_Higiene-femenina_c08_cat00160006_cat_es_ES.jsp">Higiene femenina</a>
                                                            </li>
                                                        

                                                            <li class="submenu_link_container">
                                                                <a class="submenu_link" title="Ir a sección Productos solares" href="/Perfumeria-e-higiene_Productos-solares_c08_cat00160010_cat_es_ES.jsp">Productos solares</a>
                                                            </li>
                                                        

                                                            <li class="submenu_link_container">
                                                                <a class="submenu_link" title="Ir a sección Depilación" href="/Perfumeria-e-higiene_Depilacion_c08_cat00160011_cat_es_ES.jsp">Depilación</a>
                                                            </li>
                                                        
                                                
                                        </ul>

                                    

                                    </div>


                                
                            </li>
                        
                            <li class="menu_link_container c09">
                                <span class="menu_link"><a title="Desplegar sección Limpieza y hogar" href="javascript:void(0);">Limpieza y hogar</a></span>
                                

                                    <div id="c09" name="c09" class="submenu">
                                        <ul class="submenu_container">
                                                    
                                                        

                                                            <li class="submenu_link_container">
                                                                <a class="submenu_link" title="Ir a sección Lavado de la ropa y planchado" href="/Limpieza-y-hogar_Lavado-de-la-ropa-y-planchado_c09_cat00140002_cat_es_ES.jsp">Lavado de la ropa y planchado</a>
                                                            </li>
                                                        

                                                            <li class="submenu_link_container">
                                                                <a class="submenu_link" title="Ir a sección Lejías y otros desinfectantes" href="/Limpieza-y-hogar_Lejias-y-otros-desinfectantes_c09_cat00140005_cat_es_ES.jsp">Lejías y otros desinfectantes</a>
                                                            </li>
                                                        

                                                            <li class="submenu_link_container">
                                                                <a class="submenu_link" title="Ir a sección Limpiahogares" href="/Limpieza-y-hogar_Limpiahogares_c09_cat00010009_cat_es_ES.jsp">Limpiahogares</a>
                                                            </li>
                                                        

                                                            <li class="submenu_link_container">
                                                                <a class="submenu_link" title="Ir a sección Utensilios de limpieza" href="/Limpieza-y-hogar_Utensilios-de-limpieza_c09_cat00010001_cat_es_ES.jsp">Utensilios de limpieza</a>
                                                            </li>
                                                        

                                                            <li class="submenu_link_container">
                                                                <a class="submenu_link" title="Ir a sección Lavavajillas" href="/Limpieza-y-hogar_Lavavajillas_c09_cat00140004_cat_es_ES.jsp">Lavavajillas</a>
                                                            </li>
                                                        

                                                            <li class="submenu_link_container">
                                                                <a class="submenu_link" title="Ir a sección Ambientadores" href="/Limpieza-y-hogar_Ambientadores_c09_cat00140001_cat_es_ES.jsp">Ambientadores</a>
                                                            </li>
                                                        

                                                            <li class="submenu_link_container">
                                                                <a class="submenu_link" title="Ir a sección Insecticidas" href="/Limpieza-y-hogar_Insecticidas_c09_cat00140003_cat_es_ES.jsp">Insecticidas</a>
                                                            </li>
                                                        

                                                            <li class="submenu_link_container">
                                                                <a class="submenu_link" title="Ir a sección Celulosa, plástico y artículos deshechables" href="/Limpieza-y-hogar_Celulosa-plastico-y-articulos-deshechables_c09_cat00010005_cat_es_ES.jsp">Celulosa, plástico y artículos deshechables</a>
                                                            </li>
                                                        

                                                            <li class="submenu_link_container">
                                                                <a class="submenu_link" title="Ir a sección Básicos en el hogar" href="/Limpieza-y-hogar_Basicos-en-el-hogar_c09_cat00010004_cat_es_ES.jsp">Básicos en el hogar</a>
                                                            </li>
                                                        

                                                            <li class="submenu_link_container">
                                                                <a class="submenu_link" title="Ir a sección Básicos en la cocina" href="/Limpieza-y-hogar_Basicos-en-la-cocina_c09_cat00010010_cat_es_ES.jsp">Básicos en la cocina</a>
                                                            </li>
                                                        

                                                            <li class="submenu_link_container">
                                                                <a class="submenu_link" title="Ir a sección Jardinería y barbacoa" href="/Limpieza-y-hogar_Jardineria-y-barbacoa_c09_cat00010003_cat_es_ES.jsp">Jardinería y barbacoa</a>
                                                            </li>
                                                        
                                                
                                        </ul>

                                    

                                    </div>


                                
                            </li>
                        
                            <li class="menu_link_container c10">
                                <span class="menu_link"><a title="Desplegar sección Mundo bebe" href="javascript:void(0);">Mundo bebe</a></span>
                                

                                    <div id="c10" name="c10" class="submenu">
                                        <ul class="submenu_container">
                                                    
                                                        

                                                            <li class="submenu_link_container">
                                                                <a class="submenu_link" title="Ir a sección Pañales y toallitas" href="/Mundo-bebe_Panales-y-toallitas_c10_cat00060004_cat_es_ES.jsp">Pañales y toallitas</a>
                                                            </li>
                                                        

                                                            <li class="submenu_link_container">
                                                                <a class="submenu_link" title="Ir a sección Higiene y perfumería infantil" href="/Mundo-bebe_Higiene-y-perfumeria-infantil_c10_cat00060006_cat_es_ES.jsp">Higiene y perfumería infantil</a>
                                                            </li>
                                                        

                                                            <li class="submenu_link_container">
                                                                <a class="submenu_link" title="Ir a sección Potitos y platos infantiles" href="/Mundo-bebe_Potitos-y-platos-infantiles_c10_cat00060001_cat_es_ES.jsp">Potitos y platos infantiles</a>
                                                            </li>
                                                        

                                                            <li class="submenu_link_container">
                                                                <a class="submenu_link" title="Ir a sección Papillas" href="/Mundo-bebe_Papillas_c10_cat00060005_cat_es_ES.jsp">Papillas</a>
                                                            </li>
                                                        

                                                            <li class="submenu_link_container">
                                                                <a class="submenu_link" title="Ir a sección Leche, yogur i agua infantil" href="/Mundo-bebe_Leche-yogur-i-agua-infantil_c10_cat00060003_cat_es_ES.jsp">Leche, yogur i agua infantil</a>
                                                            </li>
                                                        
                                                
                                        </ul>

                                    

                                    </div>


                                
                            </li>
                        
                            <li class="menu_link_container c11">
                                <span class="menu_link"><a title="Desplegar sección Mundo mascota" href="javascript:void(0);">Mundo mascota</a></span>
                                

                                    <div id="c11" name="c11" class="submenu">
                                        <ul class="submenu_container">
                                                    
                                                        

                                                            <li class="submenu_link_container">
                                                                <a class="submenu_link" title="Ir a sección Alimentos para perros" href="/Mundo-mascota_Alimentos-para-perros_c11_cat00040004_cat_es_ES.jsp">Alimentos para perros</a>
                                                            </li>
                                                        

                                                            <li class="submenu_link_container">
                                                                <a class="submenu_link" title="Ir a sección Alimentos para gatos" href="/Mundo-mascota_Alimentos-para-gatos_c11_cat00040002_cat_es_ES.jsp">Alimentos para gatos</a>
                                                            </li>
                                                        

                                                            <li class="submenu_link_container">
                                                                <a class="submenu_link" title="Ir a sección Alimentos para otros animales" href="/Mundo-mascota_Alimentos-para-otros-animales_c11_cat00040005_cat_es_ES.jsp">Alimentos para otros animales</a>
                                                            </li>
                                                        

                                                            <li class="submenu_link_container">
                                                                <a class="submenu_link" title="Ir a sección Accesorios para animales" href="/Mundo-mascota_Accesorios-para-animales_c11_cat00040001_cat_es_ES.jsp">Accesorios para animales</a>
                                                            </li>
                                                        
                                                
                                        </ul>

                                    

                                    </div>


                                
                            </li>
                        
                    </ul>
                </nav>
</div></header>




        <main id="main_container" class="main_container" itemprop="mainContentOfPage">
            
                <div class="content_container">

    <div class="top_container">
        <span class="breadcrumbs">Estás en: Alimentación &gt; Aceite y vinagre</span>
        <h1 class="title">Aceite y vinagre</h1>
        <label class="order_container">
            Ordenar por:
            <select name="sorting" id="sorting" onchange="changeSortingCriteria(this, false)">
                <option value="relevance">Relevancia</option>
                <option value="alpha">Nombre</option>
                <option value="price">Precio</option>
            </select>
        </label>
    </div>

    
        <aside class="banner_container">
            
                
                    <a class="banner_link" title="Servicio de ahorro CondisLine Prime" href="/banner?catId=CONDISLINE_PRIME&amp;title=Servicio de ahorro CondisLine Prime&amp;source=banner">
                
            

             <img class="banner" alt="Servicio de ahorro CondisLine Prime" src="//static.condisline.com/resize_708x108/images/banners/upselling/condisLinePrime/2023_es.jpg">

            
                </a>
            
        </aside>
    

    

<aside class="filter_section" style="display: block; margin-top: -205px; position: static;">
    
        <input type="hidden" id="famId" value="cat00020001">
    

    
        <input type="hidden" id="secId" value="c01">
    

    <!--OTROS FILTROS-->
    
        <div class="filter_container">
            <div class="title_filter_container">
                <span class="title_filter">FILTROS</span>
            </div>
            
                <label class="check_container filters gluten">
                    <input type="checkbox" name="noGluten" id="noGluten" onclick="javascript:setOtherFilter(this, 'noGluten', false)">
                    Sin Gluten <span>(4)</span>
                </label>
            
            
            
                <label class="check_container filters promotion">
                    <input type="checkbox" name="onPromotion" id="onPromotion" onclick="javascript:setOtherFilter(this, 'onPromotion', false)">
                    Promociones <span>(6)</span>
                </label>
            
            
            
                <label class="check_container filters condisBrand">
                    <input type="checkbox" name="condisBrand" id="condisBrand" onclick="javascript:setOtherFilter(this, 'condisBrand', false)">
                    Marca Propia <span>(15)</span>
                </label>
            
            <!--
            
                <label class="check_container">
                    <input type="checkbox" name="on_sale_filter" id="on_sale_filter" onclick="javascript:setOtherFilter(this, 'on_sale_filter', false)">
                    Oferta <span>(3)</span>
                </label>
            
            -->
        </div>
    

    <!--Variedad-->
    
        <div class="filter_container">
            <div class="title_filter_container">
                <h2 class="title_filter">VARIEDAD</h2>
            </div>

            

                <label class="check_container">
                    <input type="checkbox" name="cat000200010006" id="cat000200010006" onclick="javascript:setVariety(this, 'cat000200010006', false)">
                    Aceite de oliva virgen <span>(26)</span>
                </label>
            

                <label class="check_container">
                    <input type="checkbox" name="cat000200030004" id="cat000200030004" onclick="javascript:setVariety(this, 'cat000200030004', false)">
                    Vinagre <span>(14)</span>
                </label>
            

                <label class="check_container">
                    <input type="checkbox" name="cat000200010004" id="cat000200010004" onclick="javascript:setVariety(this, 'cat000200010004', false)">
                    Aceite de oliva suave o intenso <span>(13)</span>
                </label>
            

                <label class="check_container">
                    <input type="checkbox" name="cat000200010001" id="cat000200010001" onclick="javascript:setVariety(this, 'cat000200010001', false)">
                    Aceite de girasol y otros <span>(8)</span>
                </label>
            

                <label class="check_container">
                    <input type="checkbox" name="cat000200030001" id="cat000200030001" onclick="javascript:setVariety(this, 'cat000200030001', false)">
                    Aliños <span>(7)</span>
                </label>
            
        </div>
    

    <!--Marca -->
    
        <div class="filter_container">
            <div class="title_filter_container">
                <h2 class="title_filter">MARCAS</h2>
            </div>

            
                <label class="check_container">
                    <input type="checkbox" name="2337" id="2337" onclick="javascript:setBrand(this, '2337', false)">
                    BADIA <span>(1)</span>
                </label>
            
                <label class="check_container">
                    <input type="checkbox" name="2281" id="2281" onclick="javascript:setBrand(this, '2281', false)">
                    BARGALLÓ <span>(1)</span>
                </label>
            
                <label class="check_container">
                    <input type="checkbox" name="169" id="169" onclick="javascript:setBrand(this, '169', false)">
                    BORGES <span>(15)</span>
                </label>
            
                <label class="check_container">
                    <input type="checkbox" name="170" id="170" onclick="javascript:setBrand(this, '170', false)">
                    BORGESOL <span>(3)</span>
                </label>
            
                <label class="check_container">
                    <input type="checkbox" name="236" id="236" onclick="javascript:setBrand(this, '236', false)">
                    CAPRICHO ANDALUZ <span>(1)</span>
                </label>
            
                <label class="check_container">
                    <input type="checkbox" name="238" id="238" onclick="javascript:setBrand(this, '238', false)">
                    CARBONELL <span>(7)</span>
                </label>
            
                <label class="check_container">
                    <input type="checkbox" name="330" id="330" onclick="javascript:setBrand(this, '330', false)">
                    CONDIS <span>(15)</span>
                </label>
            
                <label class="check_container">
                    <input type="checkbox" name="2723" id="2723" onclick="javascript:setBrand(this, '2723', false)">
                    EL TROS <span>(4)</span>
                </label>
            
                <label class="check_container">
                    <input type="checkbox" name="2392" id="2392" onclick="javascript:setBrand(this, '2392', false)">
                    FLOR DE OLIVO <span>(2)</span>
                </label>
            
                <label class="check_container">
                    <input type="checkbox" name="701" id="701" onclick="javascript:setBrand(this, '701', false)">
                    FLORETTE <span>(3)</span>
                </label>
            
                <label class="check_container">
                    <input type="checkbox" name="2275" id="2275" onclick="javascript:setBrand(this, '2275', false)">
                    FONTASOL <span>(1)</span>
                </label>
            
                <label class="check_container">
                    <input type="checkbox" name="2277" id="2277" onclick="javascript:setBrand(this, '2277', false)">
                    FONTOLIVA <span>(1)</span>
                </label>
            
                <label class="check_container">
                    <input type="checkbox" name="765" id="765" onclick="javascript:setBrand(this, '765', false)">
                    GERMANOR <span>(2)</span>
                </label>
            
                <label class="check_container">
                    <input type="checkbox" name="355" id="355" onclick="javascript:setBrand(this, '355', false)">
                    HOJIBLANCA <span>(1)</span>
                </label>
            
                <label class="check_container">
                    <input type="checkbox" name="447" id="447" onclick="javascript:setBrand(this, '447', false)">
                    KOIPE <span>(2)</span>
                </label>
            
                <label class="check_container">
                    <input type="checkbox" name="478" id="478" onclick="javascript:setBrand(this, '478', false)">
                    LA MASIA <span>(2)</span>
                </label>
            
                <label class="check_container">
                    <input type="checkbox" name="2790" id="2790" onclick="javascript:setBrand(this, '2790', false)">
                    LIMASOL <span>(1)</span>
                </label>
            
                <label class="check_container">
                    <input type="checkbox" name="1846" id="1846" onclick="javascript:setBrand(this, '1846', false)">
                    MANOLETE <span>(1)</span>
                </label>
            
                <label class="check_container">
                    <input type="checkbox" name="2292" id="2292" onclick="javascript:setBrand(this, '2292', false)">
                    OLEAURUM <span>(1)</span>
                </label>
            
                <label class="check_container">
                    <input type="checkbox" name="2734" id="2734" onclick="javascript:setBrand(this, '2734', false)">
                    OLIS CASTELLO <span>(2)</span>
                </label>
            
                <label class="check_container">
                    <input type="checkbox" name="1024" id="1024" onclick="javascript:setBrand(this, '1024', false)">
                    SURINVER <span>(1)</span>
                </label>
            
        </div>
    

    <!--PRECIO-->
    
        <div class="filter_container">
            <span class="title_filter">PRECIO</span>
            
                <div id="range_slider" class="ui-slider ui-slider-horizontal ui-widget ui-widget-content ui-corner-all"><div class="ui-slider-range ui-widget-header ui-corner-all" style="left: 0%; width: 100%;"></div><span class="ui-slider-handle ui-state-default ui-corner-all" tabindex="0" style="left: 0%;"></span><span class="ui-slider-handle ui-state-default ui-corner-all" tabindex="0" style="left: 100%;"></span></div>
                    <span id="min_price" class="price min">0.55€</span>
                    <span id="max_price" class="price max">19.95€</span>
                    <input id="max_init_price" type="hidden" value="19.95">
                    <input id="min_init_price" type="hidden" value="0.55">
                    <input id="max_price_slide" type="hidden" value="19.95">
                    <input id="min_price_slide" type="hidden" value="0.55">
            
        </div>
    

    <!-- KCALORIAS -->
    
        <div class="filter_container">
            <span class="title_filter">KCAL</span>

            
                <div class="slider_container">
                    <div id="slider_bar" class="slider_range" style="width: 100%;">
                        <span id="kcal" class="selected_kcal">900</span>
                    </div>

                    <img class="slider_mask" alt="Control deslizante" src="//static.condisline.com/static-app/j2_233f/images/slider-mask.png" width="183">
                    <div id="slider" class="ui-slider ui-slider-horizontal ui-widget ui-widget-content ui-corner-all"><span class="ui-slider-handle ui-state-default ui-corner-all" tabindex="0" style="left: 100%;"></span></div>
                </div>

                <span id="min_kal" class="kcal min">2.0</span>
                <span id="max_kal" class="kcal max">900.0</span>

                <input id="min_kcal_slide" type="hidden" value="2.0">
                <input id="max_kcal_slide" type="hidden" value="900.0">
                <input id="max_init_kcal" type="hidden" value="900.0">
            

        </div>
    


</aside>

    <section id="articles_section" class="articles_section">
        <div id="articles_section_div" class="articles_scroll">
            <script>
    
        window.position = 1;
    

    
        window.moreProducts = true;
    

    window.actualPage = 0;

</script>

<script>
    startFiltersAndNotebook();
</script>


    <ul id="carousel_articles" class="articles_list" itemscope="" itemtype="http://schema.org/ItemList">
        
            <li class="article" itemprop="itemListElement" itemscope="" itemtype="http://schema.org/Product">
                
    <article class="article_container" id="item_description_102040">


    
        <a class="article_name" title="Ver ficha de ACEITE DE OLIVA BORGES GUSTO SUAVE 1 L" href="/ACEITE-DE-OLIVA-BORGES-GUSTO-SUAVE-1-L_102040_prd_es_ES.jsp" itemprop="url"><span itemprop="name" id="description_text">ACEITE DE OLIVA BORGES GUSTO SUAVE 1 L</span></a>
    

        <!--informacion de gluten y calorias -->
        <div class="info_container">

            
                <span class="calories">900 <span>kcal</span></span>
                <a class="info" title="Producto con 900 kilocalorías" href="javascript:void(0);">
                    <span class="info_text">Producto con 900 kilocalorías.</span>
                </a>
            

            
                
                    <img class="info_icon" alt="10% Descuento para suscriptores Condisline Prime" src="//static.condisline.com/resize_39x39/images/product_icons/icon_subscription.png" width="39" height="39">

                    
                        <a class="info" title="10% Descuento para suscriptores Condisline Prime" href="javascript:void(0);">
                            <span class="info_text">10% Descuento para suscriptores Condisline Prime</span>
                        </a>
                    
                
            
        </div>

        <img class="article_image" alt="ACEITE DE OLIVA BORGES GUSTO SUAVE 1 L" data-original="//static.condisline.com/resize_190x200/images/catalog/large/102040.jpg" src="//static.condisline.com/resize_190x200/images/catalog/large/102040.jpg" width="190" height="200" style="display: block;">

        <meta itemprop="image" content="//static.condisline.com/resize_190x200/images/catalog/large/102040.jpg">

        <div class="article_price_container" itemprop="offers" itemscope="" itemtype="http://schema.org/Offer">

            <!-- Price -->
            
                
                    <span class="offer">Segunda Unidad 50%</span>
                
                <span class="article_price" itemprop="price"><span id="list_price_102040">6,99</span></span>
                <span class="currency">€</span>
                <script>
                    formatNumber('6.99', 'list_price_102040');
                </script>
            

            <meta itemprop="priceCurrency" content="EUR">
            <div class="unit_container">
                
                    <a class="substract_button" title="Menos" href="javascript:void(0);">-</a>
                
                <label class="quantity_container">
                    
                        
                            <input class="input_quantity_product" id="item_quantity_102040" type="number" data-product="102040" value="" min="1" max="999" required="" autocomplete="off">
                        
                    
                </label>
                
                    <a class="add_button" title="Más" href="javascript:void(0);">+</a>
                    <a class="added_tick" title="Cambiar unidades" href="javascript:void(0);"></a>
                
            </div>

            
                
                    <div class="article_pum">
                        <span>      6,99€/Litro</span>
                    </div>
                
            

            
                
                    <a data-product-id="102040" class="orange_button btn_add2cart" title="Añadir al carrito" onclick="dataLayer.push({event: 'event_gtm',category:'acciones usuario', action:'a�adir producto desde listado'})" href="javascript:addToCartFromItemList('102040')">AÑADIR AL CARRITO &gt;</a>
                
            
            <span class="added_button">En carrito</span>

            
            
            <a class="white_button" title="Añadir a mi lista" href="javascript:addToListFromItemList('102040')" onclick="dataLayer.push({event: 'event_gtm',category:'acciones usuario', action:'a�adir producto a lista'});">Añadir a mi lista</a>
            
            
        </div>

        
            <a class="article_link" title="Ver ficha de ACEITE DE OLIVA BORGES GUSTO SUAVE 1 L" href="/ACEITE-DE-OLIVA-BORGES-GUSTO-SUAVE-1-L_102040_prd_es_ES.jsp" onclick="javascript:callingTaggingEnpoints('')" itemprop="url"></a>
        
        <div class="hover_container">
            <div class="hover">
                <div class="info_symbol"></div>
            </div>
        </div>

        
            <img width="116" height="114" src="//static.condisline.com/resize_128x128/images/product_icons_corner/promocion_50.png" alt="Segunda Unidad 50% descuento" class="promotion_image">
        

        
        <!-- <a class="more_info" title="Más información sobre la promoción" href="javascript:void(0);"> -->
        <a class="more_info" href="javascript:void(0);">
            <span class="tooltip">
                Segunda Unidad 50% descuento
                <span class="arrow"></span>
            </span>
        </a>
        
    </article>
            </li>
        
            <li class="article" itemprop="itemListElement" itemscope="" itemtype="http://schema.org/Product">
                
    <article class="article_container" id="item_description_102162">


    
        <a class="article_name" title="Ver ficha de ACEITE DE OLIVA BORGES VIRGEN EXTRA 1 L" href="/ACEITE-DE-OLIVA-BORGES-VIRGEN-EXTRA-1-L_102162_prd_es_ES.jsp" itemprop="url"><span itemprop="name" id="description_text">ACEITE DE OLIVA BORGES VIRGEN EXTRA 1 L</span></a>
    

        <!--informacion de gluten y calorias -->
        <div class="info_container">

            
                <span class="calories">900 <span>kcal</span></span>
                <a class="info" title="Producto con 900 kilocalorías" href="javascript:void(0);">
                    <span class="info_text">Producto con 900 kilocalorías.</span>
                </a>
            

            
                
                    <img class="info_icon" alt="10% Descuento para suscriptores Condisline Prime" src="//static.condisline.com/resize_39x39/images/product_icons/icon_subscription.png" width="39" height="39">

                    
                        <a class="info" title="10% Descuento para suscriptores Condisline Prime" href="javascript:void(0);">
                            <span class="info_text">10% Descuento para suscriptores Condisline Prime</span>
                        </a>
                    
                
            
        </div>

        <img class="article_image" alt="ACEITE DE OLIVA BORGES VIRGEN EXTRA 1 L" data-original="//static.condisline.com/resize_190x200/images/catalog/large/102162.jpg" src="//static.condisline.com/resize_190x200/images/catalog/large/102162.jpg" width="190" height="200" style="display: block;">

        <meta itemprop="image" content="//static.condisline.com/resize_190x200/images/catalog/large/102162.jpg">

        <div class="article_price_container" itemprop="offers" itemscope="" itemtype="http://schema.org/Offer">

            <!-- Price -->
            
                
                    <span class="offer">Segunda Unidad 70%</span>
                
                <span class="article_price" itemprop="price"><span id="list_price_102162">8,99</span></span>
                <span class="currency">€</span>
                <script>
                    formatNumber('8.99', 'list_price_102162');
                </script>
            

            <meta itemprop="priceCurrency" content="EUR">
            <div class="unit_container">
                
                    <a class="substract_button" title="Menos" href="javascript:void(0);">-</a>
                
                <label class="quantity_container">
                    
                        
                            <input class="input_quantity_product" id="item_quantity_102162" type="number" data-product="102162" value="" min="1" max="999" required="" autocomplete="off">
                        
                    
                </label>
                
                    <a class="add_button" title="Más" href="javascript:void(0);">+</a>
                    <a class="added_tick" title="Cambiar unidades" href="javascript:void(0);"></a>
                
            </div>

            
                
                    <div class="article_pum">
                        <span>      8,99€/Litro</span>
                    </div>
                
            

            
                
                    <a data-product-id="102162" class="orange_button btn_add2cart" title="Añadir al carrito" onclick="dataLayer.push({event: 'event_gtm',category:'acciones usuario', action:'a�adir producto desde listado'})" href="javascript:addToCartFromItemList('102162')">AÑADIR AL CARRITO &gt;</a>
                
            
            <span class="added_button">En carrito</span>

            
            
            <a class="white_button" title="Añadir a mi lista" href="javascript:addToListFromItemList('102162')" onclick="dataLayer.push({event: 'event_gtm',category:'acciones usuario', action:'a�adir producto a lista'});">Añadir a mi lista</a>
            
            
        </div>

        
            <a class="article_link" title="Ver ficha de ACEITE DE OLIVA BORGES VIRGEN EXTRA 1 L" href="/ACEITE-DE-OLIVA-BORGES-VIRGEN-EXTRA-1-L_102162_prd_es_ES.jsp" onclick="javascript:callingTaggingEnpoints('')" itemprop="url"></a>
        
        <div class="hover_container">
            <div class="hover">
                <div class="info_symbol"></div>
            </div>
        </div>

        
            <img width="116" height="114" src="//static.condisline.com/resize_128x128/images/product_icons_corner/promocion_70.png" alt="Segunda Unidad 70% descuento" class="promotion_image">
        

        
        <!-- <a class="more_info" title="Más información sobre la promoción" href="javascript:void(0);"> -->
        <a class="more_info" href="javascript:void(0);">
            <span class="tooltip">
                Segunda Unidad 70% descuento
                <span class="arrow"></span>
            </span>
        </a>
        
    </article>
            </li>
        
            <li class="article" itemprop="itemListElement" itemscope="" itemtype="http://schema.org/Product">
                
    <article class="article_container" id="item_description_111006">


    
        <a class="article_name" title="Ver ficha de VINAGRE BORGES MÓDENA 250 ML" href="/VINAGRE-BORGES-MODENA-250-ML_111006_prd_es_ES.jsp" itemprop="url"><span itemprop="name" id="description_text">VINAGRE BORGES MÓDENA 250 ML</span></a>
    

        <!--informacion de gluten y calorias -->
        <div class="info_container">

            
                <span class="calories">111 <span>kcal</span></span>
                <a class="info" title="Producto con 111 kilocalorías" href="javascript:void(0);">
                    <span class="info_text">Producto con 111 kilocalorías.</span>
                </a>
            

            
                
                    <img class="info_icon" alt="10% Descuento para suscriptores Condisline Prime" src="//static.condisline.com/resize_39x39/images/product_icons/icon_subscription.png" width="39" height="39">

                    
                        <a class="info" title="10% Descuento para suscriptores Condisline Prime" href="javascript:void(0);">
                            <span class="info_text">10% Descuento para suscriptores Condisline Prime</span>
                        </a>
                    
                
            
        </div>

        <img class="article_image" alt="VINAGRE BORGES MÓDENA 250 ML" data-original="//static.condisline.com/resize_190x200/images/catalog/large/111006.jpg" src="//static.condisline.com/resize_190x200/images/catalog/large/111006.jpg" width="190" height="200" style="display: block;">

        <meta itemprop="image" content="//static.condisline.com/resize_190x200/images/catalog/large/111006.jpg">

        <div class="article_price_container" itemprop="offers" itemscope="" itemtype="http://schema.org/Offer">

            <!-- Price -->
            
                
                    <span class="offer">Segunda Unidad 50%</span>
                
                <span class="article_price" itemprop="price"><span id="list_price_111006">2,39</span></span>
                <span class="currency">€</span>
                <script>
                    formatNumber('2.39', 'list_price_111006');
                </script>
            

            <meta itemprop="priceCurrency" content="EUR">
            <div class="unit_container">
                
                    <a class="substract_button" title="Menos" href="javascript:void(0);">-</a>
                
                <label class="quantity_container">
                    
                        
                            <input class="input_quantity_product" id="item_quantity_111006" type="number" data-product="111006" value="" min="1" max="999" required="" autocomplete="off">
                        
                    
                </label>
                
                    <a class="add_button" title="Más" href="javascript:void(0);">+</a>
                    <a class="added_tick" title="Cambiar unidades" href="javascript:void(0);"></a>
                
            </div>

            
                
                    <div class="article_pum">
                        <span>      9,56€/Litro</span>
                    </div>
                
            

            
                
                    <a data-product-id="111006" class="orange_button btn_add2cart" title="Añadir al carrito" onclick="dataLayer.push({event: 'event_gtm',category:'acciones usuario', action:'a�adir producto desde listado'})" href="javascript:addToCartFromItemList('111006')">AÑADIR AL CARRITO &gt;</a>
                
            
            <span class="added_button">En carrito</span>

            
            
            <a class="white_button" title="Añadir a mi lista" href="javascript:addToListFromItemList('111006')" onclick="dataLayer.push({event: 'event_gtm',category:'acciones usuario', action:'a�adir producto a lista'});">Añadir a mi lista</a>
            
            
        </div>

        
            <a class="article_link" title="Ver ficha de VINAGRE BORGES MÓDENA 250 ML" href="/VINAGRE-BORGES-MODENA-250-ML_111006_prd_es_ES.jsp" onclick="javascript:callingTaggingEnpoints('')" itemprop="url"></a>
        
        <div class="hover_container">
            <div class="hover">
                <div class="info_symbol"></div>
            </div>
        </div>

        
            <img width="116" height="114" src="//static.condisline.com/resize_128x128/images/product_icons_corner/promocion_50.png" alt="Segunda Unidad 50% descuento" class="promotion_image">
        

        
        <!-- <a class="more_info" title="Más información sobre la promoción" href="javascript:void(0);"> -->
        <a class="more_info" href="javascript:void(0);">
            <span class="tooltip">
                Segunda Unidad 50% descuento
                <span class="arrow"></span>
            </span>
        </a>
        
    </article>
            </li>
        
            <li class="article" itemprop="itemListElement" itemscope="" itemtype="http://schema.org/Product">
                
    <article class="article_container" id="item_description_102012">


    
        <a class="article_name" title="Ver ficha de ACEITE DE OLIVA BORGES GUSTO INTENSO 1 L" href="/ACEITE-DE-OLIVA-BORGES-GUSTO-INTENSO-1-L_102012_prd_es_ES.jsp" itemprop="url"><span itemprop="name" id="description_text">ACEITE DE OLIVA BORGES GUSTO INTENSO 1 L</span></a>
    

        <!--informacion de gluten y calorias -->
        <div class="info_container">

            
                <span class="calories">900 <span>kcal</span></span>
                <a class="info" title="Producto con 900 kilocalorías" href="javascript:void(0);">
                    <span class="info_text">Producto con 900 kilocalorías.</span>
                </a>
            

            
                
                    <img class="info_icon" alt="10% Descuento para suscriptores Condisline Prime" src="//static.condisline.com/resize_39x39/images/product_icons/icon_subscription.png" width="39" height="39">

                    
                        <a class="info" title="10% Descuento para suscriptores Condisline Prime" href="javascript:void(0);">
                            <span class="info_text">10% Descuento para suscriptores Condisline Prime</span>
                        </a>
                    
                
            
        </div>

        <img class="article_image" alt="ACEITE DE OLIVA BORGES GUSTO INTENSO 1 L" data-original="//static.condisline.com/resize_190x200/images/catalog/large/102012.jpg" src="//static.condisline.com/resize_190x200/images/catalog/large/102012.jpg" width="190" height="200" style="display: block;">

        <meta itemprop="image" content="//static.condisline.com/resize_190x200/images/catalog/large/102012.jpg">

        <div class="article_price_container" itemprop="offers" itemscope="" itemtype="http://schema.org/Offer">

            <!-- Price -->
            
                
                    <span class="offer">Segunda Unidad 50%</span>
                
                <span class="article_price" itemprop="price"><span id="list_price_102012">6,99</span></span>
                <span class="currency">€</span>
                <script>
                    formatNumber('6.99', 'list_price_102012');
                </script>
            

            <meta itemprop="priceCurrency" content="EUR">
            <div class="unit_container">
                
                    <a class="substract_button" title="Menos" href="javascript:void(0);">-</a>
                
                <label class="quantity_container">
                    
                        
                            <input class="input_quantity_product" id="item_quantity_102012" type="number" data-product="102012" value="" min="1" max="999" required="" autocomplete="off">
                        
                    
                </label>
                
                    <a class="add_button" title="Más" href="javascript:void(0);">+</a>
                    <a class="added_tick" title="Cambiar unidades" href="javascript:void(0);"></a>
                
            </div>

            
                
                    <div class="article_pum">
                        <span>      6,99€/Litro</span>
                    </div>
                
            

            
                
                    <a data-product-id="102012" class="orange_button btn_add2cart" title="Añadir al carrito" onclick="dataLayer.push({event: 'event_gtm',category:'acciones usuario', action:'a�adir producto desde listado'})" href="javascript:addToCartFromItemList('102012')">AÑADIR AL CARRITO &gt;</a>
                
            
            <span class="added_button">En carrito</span>

            
            
            <a class="white_button" title="Añadir a mi lista" href="javascript:addToListFromItemList('102012')" onclick="dataLayer.push({event: 'event_gtm',category:'acciones usuario', action:'a�adir producto a lista'});">Añadir a mi lista</a>
            
            
        </div>

        
            <a class="article_link" title="Ver ficha de ACEITE DE OLIVA BORGES GUSTO INTENSO 1 L" href="/ACEITE-DE-OLIVA-BORGES-GUSTO-INTENSO-1-L_102012_prd_es_ES.jsp" onclick="javascript:callingTaggingEnpoints('')" itemprop="url"></a>
        
        <div class="hover_container">
            <div class="hover">
                <div class="info_symbol"></div>
            </div>
        </div>

        
            <img width="116" height="114" src="//static.condisline.com/resize_128x128/images/product_icons_corner/promocion_50.png" alt="Segunda Unidad 50% descuento" class="promotion_image">
        

        
        <!-- <a class="more_info" title="Más información sobre la promoción" href="javascript:void(0);"> -->
        <a class="more_info" href="javascript:void(0);">
            <span class="tooltip">
                Segunda Unidad 50% descuento
                <span class="arrow"></span>
            </span>
        </a>
        
    </article>
            </li>
        
            <li class="article" itemprop="itemListElement" itemscope="" itemtype="http://schema.org/Product">
                
    <article class="article_container" id="item_description_110451">


    
        <a class="article_name" title="Ver ficha de ACEITE VIRGEN EXTRA EL TROS ESENCIA TRUFA 250 ML" href="/ACEITE-VIRGEN-EXTRA-EL-TROS-ESENCIA-TRUFA-250-ML_110451_prd_es_ES.jsp" itemprop="url"><span itemprop="name" id="description_text">ACEITE VIRGEN EXTRA EL TROS ESENCIA TRUFA 250 ML</span></a>
    

        <!--informacion de gluten y calorias -->
        <div class="info_container">

            

            
                
                    <img class="info_icon" alt="10% Descuento para suscriptores Condisline Prime" src="//static.condisline.com/resize_39x39/images/product_icons/icon_subscription.png" width="39" height="39">

                    
                        <a class="info" title="10% Descuento para suscriptores Condisline Prime" href="javascript:void(0);">
                            <span class="info_text">10% Descuento para suscriptores Condisline Prime</span>
                        </a>
                    
                
            
        </div>

        <img class="article_image" alt="ACEITE VIRGEN EXTRA EL TROS ESENCIA TRUFA 250 ML" data-original="//static.condisline.com/resize_190x200/images/catalog/large/110451.jpg" src="//static.condisline.com/resize_190x200/images/catalog/large/110451.jpg" width="190" height="200" style="display: block;">

        <meta itemprop="image" content="//static.condisline.com/resize_190x200/images/catalog/large/110451.jpg">

        <div class="article_price_container" itemprop="offers" itemscope="" itemtype="http://schema.org/Offer">

            <!-- Price -->
            
                
                    <span class="offer">Segunda Unidad 70%</span>
                
                <span class="article_price" itemprop="price"><span id="list_price_110451">3,75</span></span>
                <span class="currency">€</span>
                <script>
                    formatNumber('3.75', 'list_price_110451');
                </script>
            

            <meta itemprop="priceCurrency" content="EUR">
            <div class="unit_container">
                
                    <a class="substract_button" title="Menos" href="javascript:void(0);">-</a>
                
                <label class="quantity_container">
                    
                        
                            <input class="input_quantity_product" id="item_quantity_110451" type="number" data-product="110451" value="" min="1" max="999" required="" autocomplete="off">
                        
                    
                </label>
                
                    <a class="add_button" title="Más" href="javascript:void(0);">+</a>
                    <a class="added_tick" title="Cambiar unidades" href="javascript:void(0);"></a>
                
            </div>

            
                
                    <div class="article_pum">
                        <span>     15,00€/Litro</span>
                    </div>
                
            

            
                
                    <a data-product-id="110451" class="orange_button btn_add2cart" title="Añadir al carrito" onclick="dataLayer.push({event: 'event_gtm',category:'acciones usuario', action:'a�adir producto desde listado'})" href="javascript:addToCartFromItemList('110451')">AÑADIR AL CARRITO &gt;</a>
                
            
            <span class="added_button">En carrito</span>

            
            
            <a class="white_button" title="Añadir a mi lista" href="javascript:addToListFromItemList('110451')" onclick="dataLayer.push({event: 'event_gtm',category:'acciones usuario', action:'a�adir producto a lista'});">Añadir a mi lista</a>
            
            
        </div>

        
            <a class="article_link" title="Ver ficha de ACEITE VIRGEN EXTRA EL TROS ESENCIA TRUFA 250 ML" href="/ACEITE-VIRGEN-EXTRA-EL-TROS-ESENCIA-TRUFA-250-ML_110451_prd_es_ES.jsp" onclick="javascript:callingTaggingEnpoints('')" itemprop="url"></a>
        
        <div class="hover_container">
            <div class="hover">
                <div class="info_symbol"></div>
            </div>
        </div>

        
            <img width="116" height="114" src="//static.condisline.com/resize_128x128/images/product_icons_corner/promocion_70.png" alt="Segunda Unidad 70% descuento" class="promotion_image">
        

        
        <!-- <a class="more_info" title="Más información sobre la promoción" href="javascript:void(0);"> -->
        <a class="more_info" href="javascript:void(0);">
            <span class="tooltip">
                Segunda Unidad 70% descuento
                <span class="arrow"></span>
            </span>
        </a>
        
    </article>
            </li>
        
            <li class="article" itemprop="itemListElement" itemscope="" itemtype="http://schema.org/Product">
                
    <article class="article_container" id="item_description_110461">


    
        <a class="article_name" title="Ver ficha de ACEITE EL TROS FUSSION PIZZAS 250 ML" href="/ACEITE-EL-TROS-FUSSION-PIZZAS-250-ML_110461_prd_es_ES.jsp" itemprop="url"><span itemprop="name" id="description_text">ACEITE EL TROS FUSSION PIZZAS 250 ML</span></a>
    

        <!--informacion de gluten y calorias -->
        <div class="info_container">

            

            
                
                    <img class="info_icon" alt="10% Descuento para suscriptores Condisline Prime" src="//static.condisline.com/resize_39x39/images/product_icons/icon_subscription.png" width="39" height="39">

                    
                        <a class="info" title="10% Descuento para suscriptores Condisline Prime" href="javascript:void(0);">
                            <span class="info_text">10% Descuento para suscriptores Condisline Prime</span>
                        </a>
                    
                
            
        </div>

        <img class="article_image" alt="ACEITE EL TROS FUSSION PIZZAS 250 ML" data-original="//static.condisline.com/resize_190x200/images/catalog/large/110461.jpg" src="//static.condisline.com/resize_190x200/images/catalog/large/110461.jpg" width="190" height="200" style="display: block;">

        <meta itemprop="image" content="//static.condisline.com/resize_190x200/images/catalog/large/110461.jpg">

        <div class="article_price_container" itemprop="offers" itemscope="" itemtype="http://schema.org/Offer">

            <!-- Price -->
            
                
                    <span class="offer">Segunda Unidad 70%</span>
                
                <span class="article_price" itemprop="price"><span id="list_price_110461">3,75</span></span>
                <span class="currency">€</span>
                <script>
                    formatNumber('3.75', 'list_price_110461');
                </script>
            

            <meta itemprop="priceCurrency" content="EUR">
            <div class="unit_container">
                
                    <a class="substract_button" title="Menos" href="javascript:void(0);">-</a>
                
                <label class="quantity_container">
                    
                        
                            <input class="input_quantity_product" id="item_quantity_110461" type="number" data-product="110461" value="" min="1" max="999" required="" autocomplete="off">
                        
                    
                </label>
                
                    <a class="add_button" title="Más" href="javascript:void(0);">+</a>
                    <a class="added_tick" title="Cambiar unidades" href="javascript:void(0);"></a>
                
            </div>

            
                
                    <div class="article_pum">
                        <span>     15,00€/Litro</span>
                    </div>
                
            

            
                
                    <a data-product-id="110461" class="orange_button btn_add2cart" title="Añadir al carrito" onclick="dataLayer.push({event: 'event_gtm',category:'acciones usuario', action:'a�adir producto desde listado'})" href="javascript:addToCartFromItemList('110461')">AÑADIR AL CARRITO &gt;</a>
                
            
            <span class="added_button">En carrito</span>

            
            
            <a class="white_button" title="Añadir a mi lista" href="javascript:addToListFromItemList('110461')" onclick="dataLayer.push({event: 'event_gtm',category:'acciones usuario', action:'a�adir producto a lista'});">Añadir a mi lista</a>
            
            
        </div>

        
            <a class="article_link" title="Ver ficha de ACEITE EL TROS FUSSION PIZZAS 250 ML" href="/ACEITE-EL-TROS-FUSSION-PIZZAS-250-ML_110461_prd_es_ES.jsp" onclick="javascript:callingTaggingEnpoints('')" itemprop="url"></a>
        
        <div class="hover_container">
            <div class="hover">
                <div class="info_symbol"></div>
            </div>
        </div>

        
            <img width="116" height="114" src="//static.condisline.com/resize_128x128/images/product_icons_corner/promocion_70.png" alt="Segunda Unidad 70% descuento" class="promotion_image">
        

        
        <!-- <a class="more_info" title="Más información sobre la promoción" href="javascript:void(0);"> -->
        <a class="more_info" href="javascript:void(0);">
            <span class="tooltip">
                Segunda Unidad 70% descuento
                <span class="arrow"></span>
            </span>
        </a>
        
    </article>
            </li>
        
            <li class="article" itemprop="itemListElement" itemscope="" itemtype="http://schema.org/Product">
                
    <article class="article_container" id="item_description_110452">


    
        <a class="article_name" title="Ver ficha de ACEITE VIRGEN EXTRA EL TROS ARBEQUINA 2 L" href="/ACEITE-VIRGEN-EXTRA-EL-TROS-ARBEQUINA-2-L_110452_prd_es_ES.jsp" itemprop="url"><span itemprop="name" id="description_text">ACEITE VIRGEN EXTRA EL TROS ARBEQUINA 2 L</span></a>
    

        <!--informacion de gluten y calorias -->
        <div class="info_container">

            

            
                
                    <img class="info_icon" alt="10% Descuento para suscriptores Condisline Prime" src="//static.condisline.com/resize_39x39/images/product_icons/icon_subscription.png" width="39" height="39">

                    
                        <a class="info" title="10% Descuento para suscriptores Condisline Prime" href="javascript:void(0);">
                            <span class="info_text">10% Descuento para suscriptores Condisline Prime</span>
                        </a>
                    
                
            
        </div>

        <img class="article_image" alt="ACEITE VIRGEN EXTRA EL TROS ARBEQUINA 2 L" data-original="//static.condisline.com/resize_190x200/images/catalog/large/110452.jpg" src="//static.condisline.com/resize_190x200/images/catalog/large/110452.jpg" width="190" height="200" style="display: block;">

        <meta itemprop="image" content="//static.condisline.com/resize_190x200/images/catalog/large/110452.jpg">

        <div class="article_price_container" itemprop="offers" itemscope="" itemtype="http://schema.org/Offer">

            <!-- Price -->
            
                <span class="offer">Antes <span id="list_price_110452">18,49</span>€</span>
                <span class="article_price" itemprop="price"><span id="sale_price_110452">15,45</span></span>
                <span class="currency">€</span>
                <script>
                    formatNumber('18.49', 'list_price_110452');
                    formatNumber('15.45', 'sale_price_110452');
                </script>
            

            <meta itemprop="priceCurrency" content="EUR">
            <div class="unit_container">
                
                    <a class="substract_button" title="Menos" href="javascript:void(0);">-</a>
                
                <label class="quantity_container">
                    
                        
                            <input class="input_quantity_product" id="item_quantity_110452" type="number" data-product="110452" value="" min="1" max="999" required="" autocomplete="off">
                        
                    
                </label>
                
                    <a class="add_button" title="Más" href="javascript:void(0);">+</a>
                    <a class="added_tick" title="Cambiar unidades" href="javascript:void(0);"></a>
                
            </div>

            
                
                    <div class="article_pum">
                        <span>      7,73€/Litro</span>
                    </div>
                
            

            
                
                    <a data-product-id="110452" class="orange_button btn_add2cart" title="Añadir al carrito" onclick="dataLayer.push({event: 'event_gtm',category:'acciones usuario', action:'a�adir producto desde listado'})" href="javascript:addToCartFromItemList('110452')">AÑADIR AL CARRITO &gt;</a>
                
            
            <span class="added_button">En carrito</span>

            
            
            <a class="white_button" title="Añadir a mi lista" href="javascript:addToListFromItemList('110452')" onclick="dataLayer.push({event: 'event_gtm',category:'acciones usuario', action:'a�adir producto a lista'});">Añadir a mi lista</a>
            
            
        </div>

        
            <a class="article_link" title="Ver ficha de ACEITE VIRGEN EXTRA EL TROS ARBEQUINA 2 L" href="/ACEITE-VIRGEN-EXTRA-EL-TROS-ARBEQUINA-2-L_110452_prd_es_ES.jsp" onclick="javascript:callingTaggingEnpoints('')" itemprop="url"></a>
        
        <div class="hover_container">
            <div class="hover">
                <div class="info_symbol"></div>
            </div>
        </div>

        
            <img width="116" height="114" src="//static.condisline.com/resize_128x128/images/product_icons_corner/oferta_grande.png" alt="" class="promotion_image">
        

        
    </article>
            </li>
        
            <li class="article" itemprop="itemListElement" itemscope="" itemtype="http://schema.org/Product">
                
    <article class="article_container" id="item_description_102096">


    
        <a class="article_name" title="Ver ficha de ACEITE DE OLIVA GERMANOR VIRGEN EXTRA ARBEQUINA 750 ML" href="/ACEITE-DE-OLIVA-GERMANOR-VIRGEN-EXTRA-ARBEQUINA-750-ML_102096_prd_es_ES.jsp" itemprop="url"><span itemprop="name" id="description_text">ACEITE DE OLIVA GERMANOR VIRGEN EXTRA ARBEQUINA 750 ML</span></a>
    

        <!--informacion de gluten y calorias -->
        <div class="info_container">

            

            
                
                    <img class="info_icon" alt="10% Descuento para suscriptores Condisline Prime" src="//static.condisline.com/resize_39x39/images/product_icons/icon_subscription.png" width="39" height="39">

                    
                        <a class="info" title="10% Descuento para suscriptores Condisline Prime" href="javascript:void(0);">
                            <span class="info_text">10% Descuento para suscriptores Condisline Prime</span>
                        </a>
                    
                
            
        </div>

        <img class="article_image" alt="ACEITE DE OLIVA GERMANOR VIRGEN EXTRA ARBEQUINA 750 ML" data-original="//static.condisline.com/resize_190x200/images/catalog/large/102096.jpg" src="//static.condisline.com/resize_190x200/images/catalog/large/102096.jpg" width="190" height="200" style="display: block;">

        <meta itemprop="image" content="//static.condisline.com/resize_190x200/images/catalog/large/102096.jpg">

        <div class="article_price_container" itemprop="offers" itemscope="" itemtype="http://schema.org/Offer">

            <!-- Price -->
            
                <span class="offer">Antes <span id="list_price_102096">9,99</span>€</span>
                <span class="article_price" itemprop="price"><span id="sale_price_102096">7,99</span></span>
                <span class="currency">€</span>
                <script>
                    formatNumber('9.99', 'list_price_102096');
                    formatNumber('7.99', 'sale_price_102096');
                </script>
            

            <meta itemprop="priceCurrency" content="EUR">
            <div class="unit_container">
                
                    <a class="substract_button" title="Menos" href="javascript:void(0);">-</a>
                
                <label class="quantity_container">
                    
                        
                            <input class="input_quantity_product" id="item_quantity_102096" type="number" data-product="102096" value="" min="1" max="999" required="" autocomplete="off">
                        
                    
                </label>
                
                    <a class="add_button" title="Más" href="javascript:void(0);">+</a>
                    <a class="added_tick" title="Cambiar unidades" href="javascript:void(0);"></a>
                
            </div>

            
                
                    <div class="article_pum">
                        <span>     10,65€/Litro</span>
                    </div>
                
            

            
                
                    <a data-product-id="102096" class="orange_button btn_add2cart" title="Añadir al carrito" onclick="dataLayer.push({event: 'event_gtm',category:'acciones usuario', action:'a�adir producto desde listado'})" href="javascript:addToCartFromItemList('102096')">AÑADIR AL CARRITO &gt;</a>
                
            
            <span class="added_button">En carrito</span>

            
            
            <a class="white_button" title="Añadir a mi lista" href="javascript:addToListFromItemList('102096')" onclick="dataLayer.push({event: 'event_gtm',category:'acciones usuario', action:'a�adir producto a lista'});">Añadir a mi lista</a>
            
            
        </div>

        
            <a class="article_link" title="Ver ficha de ACEITE DE OLIVA GERMANOR VIRGEN EXTRA ARBEQUINA 750 ML" href="/ACEITE-DE-OLIVA-GERMANOR-VIRGEN-EXTRA-ARBEQUINA-750-ML_102096_prd_es_ES.jsp" onclick="javascript:callingTaggingEnpoints('')" itemprop="url"></a>
        
        <div class="hover_container">
            <div class="hover">
                <div class="info_symbol"></div>
            </div>
        </div>

        
            <img width="116" height="114" src="//static.condisline.com/resize_128x128/images/product_icons_corner/oferta_grande.png" alt="" class="promotion_image">
        

        
    </article>
            </li>
        
            <li class="article" itemprop="itemListElement" itemscope="" itemtype="http://schema.org/Product">
                
    <article class="article_container" id="item_description_102028">


    
        <a class="article_name" title="Ver ficha de ACEITE DE OLIVA MANOLETE AFRUTADO 2 L" href="/ACEITE-DE-OLIVA-MANOLETE-AFRUTADO-2-L_102028_prd_es_ES.jsp" itemprop="url"><span itemprop="name" id="description_text">ACEITE DE OLIVA MANOLETE AFRUTADO 2 L</span></a>
    

        <!--informacion de gluten y calorias -->
        <div class="info_container">

            
                <span class="calories">900 <span>kcal</span></span>
                <a class="info" title="Producto con 900 kilocalorías" href="javascript:void(0);">
                    <span class="info_text">Producto con 900 kilocalorías.</span>
                </a>
            

            
                
                    <img class="info_icon" alt="10% Descuento para suscriptores Condisline Prime" src="//static.condisline.com/resize_39x39/images/product_icons/icon_subscription.png" width="39" height="39">

                    
                        <a class="info" title="10% Descuento para suscriptores Condisline Prime" href="javascript:void(0);">
                            <span class="info_text">10% Descuento para suscriptores Condisline Prime</span>
                        </a>
                    
                
            
        </div>

        <img class="article_image" alt="ACEITE DE OLIVA MANOLETE AFRUTADO 2 L" data-original="//static.condisline.com/resize_190x200/images/catalog/large/102028.jpg" src="//static.condisline.com/resize_190x200/images/catalog/large/102028.jpg" width="190" height="200" style="display: block;">

        <meta itemprop="image" content="//static.condisline.com/resize_190x200/images/catalog/large/102028.jpg">

        <div class="article_price_container" itemprop="offers" itemscope="" itemtype="http://schema.org/Offer">

            <!-- Price -->
            
                <span class="offer">Antes <span id="list_price_102028">13,99</span>€</span>
                <span class="article_price" itemprop="price"><span id="sale_price_102028">11,19</span></span>
                <span class="currency">€</span>
                <script>
                    formatNumber('13.99', 'list_price_102028');
                    formatNumber('11.19', 'sale_price_102028');
                </script>
            

            <meta itemprop="priceCurrency" content="EUR">
            <div class="unit_container">
                
                    <a class="substract_button" title="Menos" href="javascript:void(0);">-</a>
                
                <label class="quantity_container">
                    
                        
                            <input class="input_quantity_product" id="item_quantity_102028" type="number" data-product="102028" value="" min="1" max="999" required="" autocomplete="off">
                        
                    
                </label>
                
                    <a class="add_button" title="Más" href="javascript:void(0);">+</a>
                    <a class="added_tick" title="Cambiar unidades" href="javascript:void(0);"></a>
                
            </div>

            
                
                    <div class="article_pum">
                        <span>      5,60€/Litro</span>
                    </div>
                
            

            
                
                    <a data-product-id="102028" class="orange_button btn_add2cart" title="Añadir al carrito" onclick="dataLayer.push({event: 'event_gtm',category:'acciones usuario', action:'a�adir producto desde listado'})" href="javascript:addToCartFromItemList('102028')">AÑADIR AL CARRITO &gt;</a>
                
            
            <span class="added_button">En carrito</span>

            
            
            <a class="white_button" title="Añadir a mi lista" href="javascript:addToListFromItemList('102028')" onclick="dataLayer.push({event: 'event_gtm',category:'acciones usuario', action:'a�adir producto a lista'});">Añadir a mi lista</a>
            
            
        </div>

        
            <a class="article_link" title="Ver ficha de ACEITE DE OLIVA MANOLETE AFRUTADO 2 L" href="/ACEITE-DE-OLIVA-MANOLETE-AFRUTADO-2-L_102028_prd_es_ES.jsp" onclick="javascript:callingTaggingEnpoints('')" itemprop="url"></a>
        
        <div class="hover_container">
            <div class="hover">
                <div class="info_symbol"></div>
            </div>
        </div>

        
            <img width="116" height="114" src="//static.condisline.com/resize_128x128/images/product_icons_corner/oferta_grande.png" alt="" class="promotion_image">
        

        
    </article>
            </li>
        
            <li class="article" itemprop="itemListElement" itemscope="" itemtype="http://schema.org/Product">
                
    <article class="article_container" id="item_description_102222">


    
        <a class="article_name" title="Ver ficha de ACEITE DE OLIVA CONDIS SUAVE 1 L" href="/ACEITE-DE-OLIVA-CONDIS-SUAVE-1-L_102222_prd_es_ES.jsp" itemprop="url"><span itemprop="name" id="description_text">ACEITE DE OLIVA CONDIS SUAVE 1 L</span></a>
    

        <!--informacion de gluten y calorias -->
        <div class="info_container">

            
                <span class="calories">822 <span>kcal</span></span>
                <a class="info" title="Producto con 822 kilocalorías" href="javascript:void(0);">
                    <span class="info_text">Producto con 822 kilocalorías.</span>
                </a>
            

            
                
                    <img class="info_icon" alt="Marca propia" src="//static.condisline.com/resize_39x39/images/product_icons/marca_propia.png" width="39" height="39">

                    
                        <a class="info" title="Marca propia" href="javascript:void(0);">
                            <span class="info_text">Marca propia</span>
                        </a>
                    
                
            
        </div>

        <img class="article_image" alt="ACEITE DE OLIVA CONDIS SUAVE 1 L" data-original="//static.condisline.com/resize_190x200/images/catalog/large/102222.jpg" src="//static.condisline.com/resize_190x200/images/catalog/large/102222.jpg" width="190" height="200" style="display: block;">

        <meta itemprop="image" content="//static.condisline.com/resize_190x200/images/catalog/large/102222.jpg">

        <div class="article_price_container" itemprop="offers" itemscope="" itemtype="http://schema.org/Offer">

            <!-- Price -->
            
                
                <span class="article_price" itemprop="price"><span id="list_price_102222">4,20</span></span>
                <span class="currency">€</span>
                <script>
                    formatNumber('4.2', 'list_price_102222');
                </script>
            

            <meta itemprop="priceCurrency" content="EUR">
            <div class="unit_container">
                
                    <a class="substract_button" title="Menos" href="javascript:void(0);">-</a>
                
                <label class="quantity_container">
                    
                        
                            <input class="input_quantity_product" id="item_quantity_102222" type="number" data-product="102222" value="" min="1" max="999" required="" autocomplete="off">
                        
                    
                </label>
                
                    <a class="add_button" title="Más" href="javascript:void(0);">+</a>
                    <a class="added_tick" title="Cambiar unidades" href="javascript:void(0);"></a>
                
            </div>

            
                
                    <div class="article_pum">
                        <span>      4,20€/Litro</span>
                    </div>
                
            

            
                
                    <a data-product-id="102222" class="orange_button btn_add2cart" title="Añadir al carrito" onclick="dataLayer.push({event: 'event_gtm',category:'acciones usuario', action:'a�adir producto desde listado'})" href="javascript:addToCartFromItemList('102222')">AÑADIR AL CARRITO &gt;</a>
                
            
            <span class="added_button">En carrito</span>

            
            
            <a class="white_button" title="Añadir a mi lista" href="javascript:addToListFromItemList('102222')" onclick="dataLayer.push({event: 'event_gtm',category:'acciones usuario', action:'a�adir producto a lista'});">Añadir a mi lista</a>
            
            
        </div>

        
            <a class="article_link" title="Ver ficha de ACEITE DE OLIVA CONDIS SUAVE 1 L" href="/ACEITE-DE-OLIVA-CONDIS-SUAVE-1-L_102222_prd_es_ES.jsp" onclick="javascript:callingTaggingEnpoints('')" itemprop="url"></a>
        
        <div class="hover_container">
            <div class="hover">
                <div class="info_symbol"></div>
            </div>
        </div>

        

        
    </article>
            </li>
        
            <li class="article" itemprop="itemListElement" itemscope="" itemtype="http://schema.org/Product">
                
    <article class="article_container" id="item_description_102223">


    
        <a class="article_name" title="Ver ficha de ACEITE DE OLIVA CONDIS INTENSO 1 L" href="/ACEITE-DE-OLIVA-CONDIS-INTENSO-1-L_102223_prd_es_ES.jsp" itemprop="url"><span itemprop="name" id="description_text">ACEITE DE OLIVA CONDIS INTENSO 1 L</span></a>
    

        <!--informacion de gluten y calorias -->
        <div class="info_container">

            
                <span class="calories">822 <span>kcal</span></span>
                <a class="info" title="Producto con 822 kilocalorías" href="javascript:void(0);">
                    <span class="info_text">Producto con 822 kilocalorías.</span>
                </a>
            

            
                
                    <img class="info_icon" alt="Marca propia" src="//static.condisline.com/resize_39x39/images/product_icons/marca_propia.png" width="39" height="39">

                    
                        <a class="info" title="Marca propia" href="javascript:void(0);">
                            <span class="info_text">Marca propia</span>
                        </a>
                    
                
            
        </div>

        <img class="article_image" alt="ACEITE DE OLIVA CONDIS INTENSO 1 L" data-original="//static.condisline.com/resize_190x200/images/catalog/large/102223.jpg" src="//static.condisline.com/resize_190x200/images/catalog/large/102223.jpg" width="190" height="200" style="display: block;">

        <meta itemprop="image" content="//static.condisline.com/resize_190x200/images/catalog/large/102223.jpg">

        <div class="article_price_container" itemprop="offers" itemscope="" itemtype="http://schema.org/Offer">

            <!-- Price -->
            
                
                <span class="article_price" itemprop="price"><span id="list_price_102223">4,20</span></span>
                <span class="currency">€</span>
                <script>
                    formatNumber('4.2', 'list_price_102223');
                </script>
            

            <meta itemprop="priceCurrency" content="EUR">
            <div class="unit_container">
                
                    <a class="substract_button" title="Menos" href="javascript:void(0);">-</a>
                
                <label class="quantity_container">
                    
                        
                            <input class="input_quantity_product" id="item_quantity_102223" type="number" data-product="102223" value="" min="1" max="999" required="" autocomplete="off">
                        
                    
                </label>
                
                    <a class="add_button" title="Más" href="javascript:void(0);">+</a>
                    <a class="added_tick" title="Cambiar unidades" href="javascript:void(0);"></a>
                
            </div>

            
                
                    <div class="article_pum">
                        <span>      4,20€/Litro</span>
                    </div>
                
            

            
                
                    <a data-product-id="102223" class="orange_button btn_add2cart" title="Añadir al carrito" onclick="dataLayer.push({event: 'event_gtm',category:'acciones usuario', action:'a�adir producto desde listado'})" href="javascript:addToCartFromItemList('102223')">AÑADIR AL CARRITO &gt;</a>
                
            
            <span class="added_button">En carrito</span>

            
            
            <a class="white_button" title="Añadir a mi lista" href="javascript:addToListFromItemList('102223')" onclick="dataLayer.push({event: 'event_gtm',category:'acciones usuario', action:'a�adir producto a lista'});">Añadir a mi lista</a>
            
            
        </div>

        
            <a class="article_link" title="Ver ficha de ACEITE DE OLIVA CONDIS INTENSO 1 L" href="/ACEITE-DE-OLIVA-CONDIS-INTENSO-1-L_102223_prd_es_ES.jsp" onclick="javascript:callingTaggingEnpoints('')" itemprop="url"></a>
        
        <div class="hover_container">
            <div class="hover">
                <div class="info_symbol"></div>
            </div>
        </div>

        

        
    </article>
            </li>
        
            <li class="article" itemprop="itemListElement" itemscope="" itemtype="http://schema.org/Product">
                
    <article class="article_container" id="item_description_102016">


    
        <a class="article_name" title="Ver ficha de ACEITE CONDIS GIRASOL 1 L" href="/ACEITE-CONDIS-GIRASOL-1-L_102016_prd_es_ES.jsp" itemprop="url"><span itemprop="name" id="description_text">ACEITE CONDIS GIRASOL 1 L</span></a>
    

        <!--informacion de gluten y calorias -->
        <div class="info_container">

            
                <span class="calories">826 <span>kcal</span></span>
                <a class="info" title="Producto con 826 kilocalorías" href="javascript:void(0);">
                    <span class="info_text">Producto con 826 kilocalorías.</span>
                </a>
            

            
                
                    <img class="info_icon" alt="Marca propia" src="//static.condisline.com/resize_39x39/images/product_icons/marca_propia.png" width="39" height="39">

                    
                        <a class="info" title="Marca propia" href="javascript:void(0);">
                            <span class="info_text">Marca propia</span>
                        </a>
                    
                
            
        </div>

        <img class="article_image" alt="ACEITE CONDIS GIRASOL 1 L" data-original="//static.condisline.com/resize_190x200/images/catalog/large/102016.jpg" src="//static.condisline.com/resize_190x200/images/catalog/large/102016.jpg" width="190" height="200" style="display: block;">

        <meta itemprop="image" content="//static.condisline.com/resize_190x200/images/catalog/large/102016.jpg">

        <div class="article_price_container" itemprop="offers" itemscope="" itemtype="http://schema.org/Offer">

            <!-- Price -->
            
                
                <span class="article_price" itemprop="price"><span id="list_price_102016">1,80</span></span>
                <span class="currency">€</span>
                <script>
                    formatNumber('1.8', 'list_price_102016');
                </script>
            

            <meta itemprop="priceCurrency" content="EUR">
            <div class="unit_container">
                
                    <a class="substract_button" title="Menos" href="javascript:void(0);">-</a>
                
                <label class="quantity_container">
                    
                        
                            <input class="input_quantity_product" id="item_quantity_102016" type="number" data-product="102016" value="" min="1" max="999" required="" autocomplete="off">
                        
                    
                </label>
                
                    <a class="add_button" title="Más" href="javascript:void(0);">+</a>
                    <a class="added_tick" title="Cambiar unidades" href="javascript:void(0);"></a>
                
            </div>

            
                
                    <div class="article_pum">
                        <span>      1,80€/Litro</span>
                    </div>
                
            

            
                
                    <a data-product-id="102016" class="orange_button btn_add2cart" title="Añadir al carrito" onclick="dataLayer.push({event: 'event_gtm',category:'acciones usuario', action:'a�adir producto desde listado'})" href="javascript:addToCartFromItemList('102016')">AÑADIR AL CARRITO &gt;</a>
                
            
            <span class="added_button">En carrito</span>

            
            
            <a class="white_button" title="Añadir a mi lista" href="javascript:addToListFromItemList('102016')" onclick="dataLayer.push({event: 'event_gtm',category:'acciones usuario', action:'a�adir producto a lista'});">Añadir a mi lista</a>
            
            
        </div>

        
            <a class="article_link" title="Ver ficha de ACEITE CONDIS GIRASOL 1 L" href="/ACEITE-CONDIS-GIRASOL-1-L_102016_prd_es_ES.jsp" onclick="javascript:callingTaggingEnpoints('')" itemprop="url"></a>
        
        <div class="hover_container">
            <div class="hover">
                <div class="info_symbol"></div>
            </div>
        </div>

        

        
    </article>
            </li>
        
            <li class="article" itemprop="itemListElement" itemscope="" itemtype="http://schema.org/Product">
                
    <article class="article_container" id="item_description_102081">


    
        <a class="article_name" title="Ver ficha de ACEITE DE OLIVA CARBONELL 0.4 GRADOS 1 L" href="/ACEITE-DE-OLIVA-CARBONELL-0-4-GRADOS-1-L_102081_prd_es_ES.jsp" itemprop="url"><span itemprop="name" id="description_text">ACEITE DE OLIVA CARBONELL 0.4 GRADOS 1 L</span></a>
    

        <!--informacion de gluten y calorias -->
        <div class="info_container">

            
                <span class="calories">900 <span>kcal</span></span>
                <a class="info" title="Producto con 900 kilocalorías" href="javascript:void(0);">
                    <span class="info_text">Producto con 900 kilocalorías.</span>
                </a>
            

            
                
                    <img class="info_icon" alt="10% Descuento para suscriptores Condisline Prime" src="//static.condisline.com/resize_39x39/images/product_icons/icon_subscription.png" width="39" height="39">

                    
                        <a class="info" title="10% Descuento para suscriptores Condisline Prime" href="javascript:void(0);">
                            <span class="info_text">10% Descuento para suscriptores Condisline Prime</span>
                        </a>
                    
                
            
        </div>

        <img class="article_image" alt="ACEITE DE OLIVA CARBONELL 0.4 GRADOS 1 L" data-original="//static.condisline.com/resize_190x200/images/catalog/large/102081.jpg" src="//static.condisline.com/resize_190x200/images/catalog/large/102081.jpg" width="190" height="200" style="display: block;">

        <meta itemprop="image" content="//static.condisline.com/resize_190x200/images/catalog/large/102081.jpg">

        <div class="article_price_container" itemprop="offers" itemscope="" itemtype="http://schema.org/Offer">

            <!-- Price -->
            
                
                <span class="article_price" itemprop="price"><span id="list_price_102081">5,45</span></span>
                <span class="currency">€</span>
                <script>
                    formatNumber('5.45', 'list_price_102081');
                </script>
            

            <meta itemprop="priceCurrency" content="EUR">
            <div class="unit_container">
                
                    <a class="substract_button" title="Menos" href="javascript:void(0);">-</a>
                
                <label class="quantity_container">
                    
                        
                            <input class="input_quantity_product" id="item_quantity_102081" type="number" data-product="102081" value="" min="1" max="999" required="" autocomplete="off">
                        
                    
                </label>
                
                    <a class="add_button" title="Más" href="javascript:void(0);">+</a>
                    <a class="added_tick" title="Cambiar unidades" href="javascript:void(0);"></a>
                
            </div>

            
                
                    <div class="article_pum">
                        <span>      5,45€/Litro</span>
                    </div>
                
            

            
                
                    <a data-product-id="102081" class="orange_button btn_add2cart" title="Añadir al carrito" onclick="dataLayer.push({event: 'event_gtm',category:'acciones usuario', action:'a�adir producto desde listado'})" href="javascript:addToCartFromItemList('102081')">AÑADIR AL CARRITO &gt;</a>
                
            
            <span class="added_button">En carrito</span>

            
            
            <a class="white_button" title="Añadir a mi lista" href="javascript:addToListFromItemList('102081')" onclick="dataLayer.push({event: 'event_gtm',category:'acciones usuario', action:'a�adir producto a lista'});">Añadir a mi lista</a>
            
            
        </div>

        
            <a class="article_link" title="Ver ficha de ACEITE DE OLIVA CARBONELL 0.4 GRADOS 1 L" href="/ACEITE-DE-OLIVA-CARBONELL-0-4-GRADOS-1-L_102081_prd_es_ES.jsp" onclick="javascript:callingTaggingEnpoints('')" itemprop="url"></a>
        
        <div class="hover_container">
            <div class="hover">
                <div class="info_symbol"></div>
            </div>
        </div>

        

        
    </article>
            </li>
        
            <li class="article" itemprop="itemListElement" itemscope="" itemtype="http://schema.org/Product">
                
    <article class="article_container" id="item_description_102003">


    
        <a class="article_name" title="Ver ficha de ACEITE DE OLIVA BORGES VIRGEN EXTRA ARBEQUINA 75 CL" href="/ACEITE-DE-OLIVA-BORGES-VIRGEN-EXTRA-ARBEQUINA-75-CL_102003_prd_es_ES.jsp" itemprop="url"><span itemprop="name" id="description_text">ACEITE DE OLIVA BORGES VIRGEN EXTRA ARBEQUINA 75 CL</span></a>
    

        <!--informacion de gluten y calorias -->
        <div class="info_container">

            
                <span class="calories">900 <span>kcal</span></span>
                <a class="info" title="Producto con 900 kilocalorías" href="javascript:void(0);">
                    <span class="info_text">Producto con 900 kilocalorías.</span>
                </a>
            

            
                
                    <img class="info_icon" alt="10% Descuento para suscriptores Condisline Prime" src="//static.condisline.com/resize_39x39/images/product_icons/icon_subscription.png" width="39" height="39">

                    
                        <a class="info" title="10% Descuento para suscriptores Condisline Prime" href="javascript:void(0);">
                            <span class="info_text">10% Descuento para suscriptores Condisline Prime</span>
                        </a>
                    
                
            
        </div>

        <img class="article_image" alt="ACEITE DE OLIVA BORGES VIRGEN EXTRA ARBEQUINA 75 CL" data-original="//static.condisline.com/resize_190x200/images/catalog/large/102003.jpg" src="//static.condisline.com/resize_190x200/images/catalog/large/102003.jpg" width="190" height="200" style="display: block;">

        <meta itemprop="image" content="//static.condisline.com/resize_190x200/images/catalog/large/102003.jpg">

        <div class="article_price_container" itemprop="offers" itemscope="" itemtype="http://schema.org/Offer">

            <!-- Price -->
            
                
                <span class="article_price" itemprop="price"><span id="list_price_102003">7,99</span></span>
                <span class="currency">€</span>
                <script>
                    formatNumber('7.99', 'list_price_102003');
                </script>
            

            <meta itemprop="priceCurrency" content="EUR">
            <div class="unit_container">
                
                    <a class="substract_button" title="Menos" href="javascript:void(0);">-</a>
                
                <label class="quantity_container">
                    
                        
                            <input class="input_quantity_product" id="item_quantity_102003" type="number" data-product="102003" value="" min="1" max="999" required="" autocomplete="off">
                        
                    
                </label>
                
                    <a class="add_button" title="Más" href="javascript:void(0);">+</a>
                    <a class="added_tick" title="Cambiar unidades" href="javascript:void(0);"></a>
                
            </div>

            
                
                    <div class="article_pum">
                        <span>     10,65€/Litro</span>
                    </div>
                
            

            
                
                    <a data-product-id="102003" class="orange_button btn_add2cart" title="Añadir al carrito" onclick="dataLayer.push({event: 'event_gtm',category:'acciones usuario', action:'a�adir producto desde listado'})" href="javascript:addToCartFromItemList('102003')">AÑADIR AL CARRITO &gt;</a>
                
            
            <span class="added_button">En carrito</span>

            
            
            <a class="white_button" title="Añadir a mi lista" href="javascript:addToListFromItemList('102003')" onclick="dataLayer.push({event: 'event_gtm',category:'acciones usuario', action:'a�adir producto a lista'});">Añadir a mi lista</a>
            
            
        </div>

        
            <a class="article_link" title="Ver ficha de ACEITE DE OLIVA BORGES VIRGEN EXTRA ARBEQUINA 75 CL" href="/ACEITE-DE-OLIVA-BORGES-VIRGEN-EXTRA-ARBEQUINA-75-CL_102003_prd_es_ES.jsp" onclick="javascript:callingTaggingEnpoints('')" itemprop="url"></a>
        
        <div class="hover_container">
            <div class="hover">
                <div class="info_symbol"></div>
            </div>
        </div>

        

        
    </article>
            </li>
        
            <li class="article" itemprop="itemListElement" itemscope="" itemtype="http://schema.org/Product">
                
    <article class="article_container" id="item_description_102219">


    
        <a class="article_name" title="Ver ficha de ACEITE CONDIS OLIVA SUAVE 3 L" href="/ACEITE-CONDIS-OLIVA-SUAVE-3-L_102219_prd_es_ES.jsp" itemprop="url"><span itemprop="name" id="description_text">ACEITE CONDIS OLIVA SUAVE 3 L</span></a>
    

        <!--informacion de gluten y calorias -->
        <div class="info_container">

            
                <span class="calories">822 <span>kcal</span></span>
                <a class="info" title="Producto con 822 kilocalorías" href="javascript:void(0);">
                    <span class="info_text">Producto con 822 kilocalorías.</span>
                </a>
            

            
                
                    <img class="info_icon" alt="Marca propia" src="//static.condisline.com/resize_39x39/images/product_icons/marca_propia.png" width="39" height="39">

                    
                        <a class="info" title="Marca propia" href="javascript:void(0);">
                            <span class="info_text">Marca propia</span>
                        </a>
                    
                
            
        </div>

        <img class="article_image" alt="ACEITE CONDIS OLIVA SUAVE 3 L" data-original="//static.condisline.com/resize_190x200/images/catalog/large/102219.jpg" src="//static.condisline.com/resize_190x200/images/catalog/large/102219.jpg" width="190" height="200" style="display: block;">

        <meta itemprop="image" content="//static.condisline.com/resize_190x200/images/catalog/large/102219.jpg">

        <div class="article_price_container" itemprop="offers" itemscope="" itemtype="http://schema.org/Offer">

            <!-- Price -->
            
                
                <span class="article_price" itemprop="price"><span id="list_price_102219">11,37</span></span>
                <span class="currency">€</span>
                <script>
                    formatNumber('11.37', 'list_price_102219');
                </script>
            

            <meta itemprop="priceCurrency" content="EUR">
            <div class="unit_container">
                
                    <a class="substract_button" title="Menos" href="javascript:void(0);">-</a>
                
                <label class="quantity_container">
                    
                        
                            <input class="input_quantity_product" id="item_quantity_102219" type="number" data-product="102219" value="" min="1" max="999" required="" autocomplete="off">
                        
                    
                </label>
                
                    <a class="add_button" title="Más" href="javascript:void(0);">+</a>
                    <a class="added_tick" title="Cambiar unidades" href="javascript:void(0);"></a>
                
            </div>

            
                
                    <div class="article_pum">
                        <span>      3,79€/Litro</span>
                    </div>
                
            

            
                
                    <a data-product-id="102219" class="orange_button btn_add2cart" title="Añadir al carrito" onclick="dataLayer.push({event: 'event_gtm',category:'acciones usuario', action:'a�adir producto desde listado'})" href="javascript:addToCartFromItemList('102219')">AÑADIR AL CARRITO &gt;</a>
                
            
            <span class="added_button">En carrito</span>

            
            
            <a class="white_button" title="Añadir a mi lista" href="javascript:addToListFromItemList('102219')" onclick="dataLayer.push({event: 'event_gtm',category:'acciones usuario', action:'a�adir producto a lista'});">Añadir a mi lista</a>
            
            
        </div>

        
            <a class="article_link" title="Ver ficha de ACEITE CONDIS OLIVA SUAVE 3 L" href="/ACEITE-CONDIS-OLIVA-SUAVE-3-L_102219_prd_es_ES.jsp" onclick="javascript:callingTaggingEnpoints('')" itemprop="url"></a>
        
        <div class="hover_container">
            <div class="hover">
                <div class="info_symbol"></div>
            </div>
        </div>

        

        
    </article>
            </li>
        
            <li class="article" itemprop="itemListElement" itemscope="" itemtype="http://schema.org/Product">
                
    <article class="article_container" id="item_description_111018">


    
        <a class="article_name" title="Ver ficha de VINAGRE CONDIS BLANCO 1 L" href="/VINAGRE-CONDIS-BLANCO-1-L_111018_prd_es_ES.jsp" itemprop="url"><span itemprop="name" id="description_text">VINAGRE CONDIS BLANCO 1 L</span></a>
    

        <!--informacion de gluten y calorias -->
        <div class="info_container">

            
                <span class="calories">2 <span>kcal</span></span>
                <a class="info" title="Producto con 2 kilocalorías" href="javascript:void(0);">
                    <span class="info_text">Producto con 2 kilocalorías.</span>
                </a>
            

            
                
                    <img class="info_icon" alt="10% Descuento para suscriptores Condisline Prime" src="//static.condisline.com/resize_39x39/images/product_icons/icon_subscription.png" width="39" height="39">

                    
                        <a class="info" title="10% Descuento para suscriptores Condisline Prime" href="javascript:void(0);">
                            <span class="info_text">10% Descuento para suscriptores Condisline Prime</span>
                        </a>
                    
                
                    <img class="info_icon" alt="Marca propia" src="//static.condisline.com/resize_39x39/images/product_icons/marca_propia.png" width="39" height="39">

                    
                        <a class="info" title="Marca propia" href="javascript:void(0);">
                            <span class="info_text">Marca propia</span>
                        </a>
                    
                
            
        </div>

        <img class="article_image" alt="VINAGRE CONDIS BLANCO 1 L" data-original="//static.condisline.com/resize_190x200/images/catalog/large/111018.jpg" src="//static.condisline.com/resize_190x200/images/catalog/large/111018.jpg" width="190" height="200" style="display: block;">

        <meta itemprop="image" content="//static.condisline.com/resize_190x200/images/catalog/large/111018.jpg">

        <div class="article_price_container" itemprop="offers" itemscope="" itemtype="http://schema.org/Offer">

            <!-- Price -->
            
                
                <span class="article_price" itemprop="price"><span id="list_price_111018">0,69</span></span>
                <span class="currency">€</span>
                <script>
                    formatNumber('0.69', 'list_price_111018');
                </script>
            

            <meta itemprop="priceCurrency" content="EUR">
            <div class="unit_container">
                
                    <a class="substract_button" title="Menos" href="javascript:void(0);">-</a>
                
                <label class="quantity_container">
                    
                        
                            <input class="input_quantity_product" id="item_quantity_111018" type="number" data-product="111018" value="" min="1" max="999" required="" autocomplete="off">
                        
                    
                </label>
                
                    <a class="add_button" title="Más" href="javascript:void(0);">+</a>
                    <a class="added_tick" title="Cambiar unidades" href="javascript:void(0);"></a>
                
            </div>

            
                
                    <div class="article_pum">
                        <span>      0,69€/Litro</span>
                    </div>
                
            

            
                
                    <a data-product-id="111018" class="orange_button btn_add2cart" title="Añadir al carrito" onclick="dataLayer.push({event: 'event_gtm',category:'acciones usuario', action:'a�adir producto desde listado'})" href="javascript:addToCartFromItemList('111018')">AÑADIR AL CARRITO &gt;</a>
                
            
            <span class="added_button">En carrito</span>

            
            
            <a class="white_button" title="Añadir a mi lista" href="javascript:addToListFromItemList('111018')" onclick="dataLayer.push({event: 'event_gtm',category:'acciones usuario', action:'a�adir producto a lista'});">Añadir a mi lista</a>
            
            
        </div>

        
            <a class="article_link" title="Ver ficha de VINAGRE CONDIS BLANCO 1 L" href="/VINAGRE-CONDIS-BLANCO-1-L_111018_prd_es_ES.jsp" onclick="javascript:callingTaggingEnpoints('')" itemprop="url"></a>
        
        <div class="hover_container">
            <div class="hover">
                <div class="info_symbol"></div>
            </div>
        </div>

        

        
    </article>
            </li>
        
            <li class="article" itemprop="itemListElement" itemscope="" itemtype="http://schema.org/Product">
                
    <article class="article_container" id="item_description_102017">


    
        <a class="article_name" title="Ver ficha de ACEITE LA MASIA 0.4 CLASICO 1 L" href="/ACEITE-LA-MASIA-0-4-CLASICO-1-L_102017_prd_es_ES.jsp" itemprop="url"><span itemprop="name" id="description_text">ACEITE LA MASIA 0.4 CLASICO 1 L</span></a>
    

        <!--informacion de gluten y calorias -->
        <div class="info_container">

            
                <span class="calories">824 <span>kcal</span></span>
                <a class="info" title="Producto con 824 kilocalorías" href="javascript:void(0);">
                    <span class="info_text">Producto con 824 kilocalorías.</span>
                </a>
            

            
                
                    <img class="info_icon" alt="10% Descuento para suscriptores Condisline Prime" src="//static.condisline.com/resize_39x39/images/product_icons/icon_subscription.png" width="39" height="39">

                    
                        <a class="info" title="10% Descuento para suscriptores Condisline Prime" href="javascript:void(0);">
                            <span class="info_text">10% Descuento para suscriptores Condisline Prime</span>
                        </a>
                    
                
            
        </div>

        <img class="article_image" alt="ACEITE LA MASIA 0.4 CLASICO 1 L" data-original="//static.condisline.com/resize_190x200/images/catalog/large/102017.jpg" src="//static.condisline.com/resize_190x200/images/catalog/large/102017.jpg" width="190" height="200" style="display: block;">

        <meta itemprop="image" content="//static.condisline.com/resize_190x200/images/catalog/large/102017.jpg">

        <div class="article_price_container" itemprop="offers" itemscope="" itemtype="http://schema.org/Offer">

            <!-- Price -->
            
                
                <span class="article_price" itemprop="price"><span id="list_price_102017">5,19</span></span>
                <span class="currency">€</span>
                <script>
                    formatNumber('5.19', 'list_price_102017');
                </script>
            

            <meta itemprop="priceCurrency" content="EUR">
            <div class="unit_container">
                
                    <a class="substract_button" title="Menos" href="javascript:void(0);">-</a>
                
                <label class="quantity_container">
                    
                        
                            <input class="input_quantity_product" id="item_quantity_102017" type="number" data-product="102017" value="" min="1" max="999" required="" autocomplete="off">
                        
                    
                </label>
                
                    <a class="add_button" title="Más" href="javascript:void(0);">+</a>
                    <a class="added_tick" title="Cambiar unidades" href="javascript:void(0);"></a>
                
            </div>

            
                
                    <div class="article_pum">
                        <span>      5,19€/Litro</span>
                    </div>
                
            

            
                
                    <a data-product-id="102017" class="orange_button btn_add2cart" title="Añadir al carrito" onclick="dataLayer.push({event: 'event_gtm',category:'acciones usuario', action:'a�adir producto desde listado'})" href="javascript:addToCartFromItemList('102017')">AÑADIR AL CARRITO &gt;</a>
                
            
            <span class="added_button">En carrito</span>

            
            
            <a class="white_button" title="Añadir a mi lista" href="javascript:addToListFromItemList('102017')" onclick="dataLayer.push({event: 'event_gtm',category:'acciones usuario', action:'a�adir producto a lista'});">Añadir a mi lista</a>
            
            
        </div>

        
            <a class="article_link" title="Ver ficha de ACEITE LA MASIA 0.4 CLASICO 1 L" href="/ACEITE-LA-MASIA-0-4-CLASICO-1-L_102017_prd_es_ES.jsp" onclick="javascript:callingTaggingEnpoints('')" itemprop="url"></a>
        
        <div class="hover_container">
            <div class="hover">
                <div class="info_symbol"></div>
            </div>
        </div>

        

        
    </article>
            </li>
        
            <li class="article" itemprop="itemListElement" itemscope="" itemtype="http://schema.org/Product">
                
    <article class="article_container" id="item_description_110471">


    
        <a class="article_name" title="Ver ficha de ACEITE VIRGEN EXTRA OLI CASTELLÓ OLIVA PICUAL 1 L" href="/ACEITE-VIRGEN-EXTRA-OLI-CASTELLO-OLIVA-PICUAL-1-L_110471_prd_es_ES.jsp" itemprop="url"><span itemprop="name" id="description_text">ACEITE VIRGEN EXTRA OLI CASTELLÓ OLIVA PICUAL 1 L</span></a>
    

        <!--informacion de gluten y calorias -->
        <div class="info_container">

            

            
                
                    <img class="info_icon" alt="10% Descuento para suscriptores Condisline Prime" src="//static.condisline.com/resize_39x39/images/product_icons/icon_subscription.png" width="39" height="39">

                    
                        <a class="info" title="10% Descuento para suscriptores Condisline Prime" href="javascript:void(0);">
                            <span class="info_text">10% Descuento para suscriptores Condisline Prime</span>
                        </a>
                    
                
            
        </div>

        <img class="article_image" alt="ACEITE VIRGEN EXTRA OLI CASTELLÓ OLIVA PICUAL 1 L" data-original="//static.condisline.com/resize_190x200/images/catalog/large/110471.jpg" src="//static.condisline.com/resize_190x200/images/catalog/large/110471.jpg" width="190" height="200" style="display: block;">

        <meta itemprop="image" content="//static.condisline.com/resize_190x200/images/catalog/large/110471.jpg">

        <div class="article_price_container" itemprop="offers" itemscope="" itemtype="http://schema.org/Offer">

            <!-- Price -->
            
                
                <span class="article_price" itemprop="price"><span id="list_price_110471">8,99</span></span>
                <span class="currency">€</span>
                <script>
                    formatNumber('8.99', 'list_price_110471');
                </script>
            

            <meta itemprop="priceCurrency" content="EUR">
            <div class="unit_container">
                
                    <a class="substract_button" title="Menos" href="javascript:void(0);">-</a>
                
                <label class="quantity_container">
                    
                        
                            <input class="input_quantity_product" id="item_quantity_110471" type="number" data-product="110471" value="" min="1" max="999" required="" autocomplete="off">
                        
                    
                </label>
                
                    <a class="add_button" title="Más" href="javascript:void(0);">+</a>
                    <a class="added_tick" title="Cambiar unidades" href="javascript:void(0);"></a>
                
            </div>

            
                
                    <div class="article_pum">
                        <span>      8,99€/Litro</span>
                    </div>
                
            

            
                
                    <a data-product-id="110471" class="orange_button btn_add2cart" title="Añadir al carrito" onclick="dataLayer.push({event: 'event_gtm',category:'acciones usuario', action:'a�adir producto desde listado'})" href="javascript:addToCartFromItemList('110471')">AÑADIR AL CARRITO &gt;</a>
                
            
            <span class="added_button">En carrito</span>

            
            
            <a class="white_button" title="Añadir a mi lista" href="javascript:addToListFromItemList('110471')" onclick="dataLayer.push({event: 'event_gtm',category:'acciones usuario', action:'a�adir producto a lista'});">Añadir a mi lista</a>
            
            
        </div>

        
            <a class="article_link" title="Ver ficha de ACEITE VIRGEN EXTRA OLI CASTELLÓ OLIVA PICUAL 1 L" href="/ACEITE-VIRGEN-EXTRA-OLI-CASTELLO-OLIVA-PICUAL-1-L_110471_prd_es_ES.jsp" onclick="javascript:callingTaggingEnpoints('')" itemprop="url"></a>
        
        <div class="hover_container">
            <div class="hover">
                <div class="info_symbol"></div>
            </div>
        </div>

        

        
    </article>
            </li>
        
            <li class="article" itemprop="itemListElement" itemscope="" itemtype="http://schema.org/Product">
                
    <article class="article_container" id="item_description_800215">


    
        <a class="article_name" title="Ver ficha de ACEITE CONDIS VIRGEN EXTRA 1 L" href="/ACEITE-CONDIS-VIRGEN-EXTRA-1-L_800215_prd_es_ES.jsp" itemprop="url"><span itemprop="name" id="description_text">ACEITE CONDIS VIRGEN EXTRA 1 L</span></a>
    

        <!--informacion de gluten y calorias -->
        <div class="info_container">

            
                <span class="calories">900 <span>kcal</span></span>
                <a class="info" title="Producto con 900 kilocalorías" href="javascript:void(0);">
                    <span class="info_text">Producto con 900 kilocalorías.</span>
                </a>
            

            
                
                    <img class="info_icon" alt="Producto sin gluten" src="//static.condisline.com/resize_39x39/images/product_icons/no_gluten.png" width="39" height="39">

                    
                        <a class="info" title="Producto sin gluten" href="javascript:void(0);">
                            <span class="info_text">Producto sin gluten</span>
                        </a>
                    
                
                    <img class="info_icon" alt="Marca propia" src="//static.condisline.com/resize_39x39/images/product_icons/marca_propia.png" width="39" height="39">

                    
                        <a class="info" title="Marca propia" href="javascript:void(0);">
                            <span class="info_text">Marca propia</span>
                        </a>
                    
                
            
        </div>

        <img class="article_image" alt="ACEITE CONDIS VIRGEN EXTRA 1 L" data-original="//static.condisline.com/resize_190x200/images/catalog/large/800215.jpg" src="//static.condisline.com/resize_190x200/images/catalog/large/800215.jpg" width="190" height="200" style="display: block;">

        <meta itemprop="image" content="//static.condisline.com/resize_190x200/images/catalog/large/800215.jpg">

        <div class="article_price_container" itemprop="offers" itemscope="" itemtype="http://schema.org/Offer">

            <!-- Price -->
            
                
                <span class="article_price" itemprop="price"><span id="list_price_800215">5,25</span></span>
                <span class="currency">€</span>
                <script>
                    formatNumber('5.25', 'list_price_800215');
                </script>
            

            <meta itemprop="priceCurrency" content="EUR">
            <div class="unit_container">
                
                    <a class="substract_button" title="Menos" href="javascript:void(0);">-</a>
                
                <label class="quantity_container">
                    
                        
                            <input class="input_quantity_product" id="item_quantity_800215" type="number" data-product="800215" value="" min="1" max="999" required="" autocomplete="off">
                        
                    
                </label>
                
                    <a class="add_button" title="Más" href="javascript:void(0);">+</a>
                    <a class="added_tick" title="Cambiar unidades" href="javascript:void(0);"></a>
                
            </div>

            
                
                    <div class="article_pum">
                        <span>      5,25€/Litro</span>
                    </div>
                
            

            
                
                    <a data-product-id="800215" class="orange_button btn_add2cart" title="Añadir al carrito" onclick="dataLayer.push({event: 'event_gtm',category:'acciones usuario', action:'a�adir producto desde listado'})" href="javascript:addToCartFromItemList('800215')">AÑADIR AL CARRITO &gt;</a>
                
            
            <span class="added_button">En carrito</span>

            
            
            <a class="white_button" title="Añadir a mi lista" href="javascript:addToListFromItemList('800215')" onclick="dataLayer.push({event: 'event_gtm',category:'acciones usuario', action:'a�adir producto a lista'});">Añadir a mi lista</a>
            
            
        </div>

        
            <a class="article_link" title="Ver ficha de ACEITE CONDIS VIRGEN EXTRA 1 L" href="/ACEITE-CONDIS-VIRGEN-EXTRA-1-L_800215_prd_es_ES.jsp" onclick="javascript:callingTaggingEnpoints('')" itemprop="url"></a>
        
        <div class="hover_container">
            <div class="hover">
                <div class="info_symbol"></div>
            </div>
        </div>

        

        
    </article>
            </li>
        
            <li class="article" itemprop="itemListElement" itemscope="" itemtype="http://schema.org/Product">
                
    <article class="article_container" id="item_description_102073">


    
        <a class="article_name" title="Ver ficha de ACEITE DE OLIVA CARBONELL VIRGEN EXTRA TRIANGULAR 1 L" href="/ACEITE-DE-OLIVA-CARBONELL-VIRGEN-EXTRA-TRIANGULAR-1-L_102073_prd_es_ES.jsp" itemprop="url"><span itemprop="name" id="description_text">ACEITE DE OLIVA CARBONELL VIRGEN EXTRA TRIANGULAR 1 L</span></a>
    

        <!--informacion de gluten y calorias -->
        <div class="info_container">

            
                <span class="calories">900 <span>kcal</span></span>
                <a class="info" title="Producto con 900 kilocalorías" href="javascript:void(0);">
                    <span class="info_text">Producto con 900 kilocalorías.</span>
                </a>
            

            
                
                    <img class="info_icon" alt="10% Descuento para suscriptores Condisline Prime" src="//static.condisline.com/resize_39x39/images/product_icons/icon_subscription.png" width="39" height="39">

                    
                        <a class="info" title="10% Descuento para suscriptores Condisline Prime" href="javascript:void(0);">
                            <span class="info_text">10% Descuento para suscriptores Condisline Prime</span>
                        </a>
                    
                
            
        </div>

        <img class="article_image" alt="ACEITE DE OLIVA CARBONELL VIRGEN EXTRA TRIANGULAR 1 L" data-original="//static.condisline.com/resize_190x200/images/catalog/large/102073.jpg" src="//static.condisline.com/resize_190x200/images/catalog/large/102073.jpg" width="190" height="200" style="display: block;">

        <meta itemprop="image" content="//static.condisline.com/resize_190x200/images/catalog/large/102073.jpg">

        <div class="article_price_container" itemprop="offers" itemscope="" itemtype="http://schema.org/Offer">

            <!-- Price -->
            
                
                <span class="article_price" itemprop="price"><span id="list_price_102073">7,69</span></span>
                <span class="currency">€</span>
                <script>
                    formatNumber('7.69', 'list_price_102073');
                </script>
            

            <meta itemprop="priceCurrency" content="EUR">
            <div class="unit_container">
                
                    <a class="substract_button" title="Menos" href="javascript:void(0);">-</a>
                
                <label class="quantity_container">
                    
                        
                            <input class="input_quantity_product" id="item_quantity_102073" type="number" data-product="102073" value="" min="1" max="999" required="" autocomplete="off">
                        
                    
                </label>
                
                    <a class="add_button" title="Más" href="javascript:void(0);">+</a>
                    <a class="added_tick" title="Cambiar unidades" href="javascript:void(0);"></a>
                
            </div>

            
                
                    <div class="article_pum">
                        <span>      7,69€/Litro</span>
                    </div>
                
            

            
                
                    <a data-product-id="102073" class="orange_button btn_add2cart" title="Añadir al carrito" onclick="dataLayer.push({event: 'event_gtm',category:'acciones usuario', action:'a�adir producto desde listado'})" href="javascript:addToCartFromItemList('102073')">AÑADIR AL CARRITO &gt;</a>
                
            
            <span class="added_button">En carrito</span>

            
            
            <a class="white_button" title="Añadir a mi lista" href="javascript:addToListFromItemList('102073')" onclick="dataLayer.push({event: 'event_gtm',category:'acciones usuario', action:'a�adir producto a lista'});">Añadir a mi lista</a>
            
            
        </div>

        
            <a class="article_link" title="Ver ficha de ACEITE DE OLIVA CARBONELL VIRGEN EXTRA TRIANGULAR 1 L" href="/ACEITE-DE-OLIVA-CARBONELL-VIRGEN-EXTRA-TRIANGULAR-1-L_102073_prd_es_ES.jsp" onclick="javascript:callingTaggingEnpoints('')" itemprop="url"></a>
        
        <div class="hover_container">
            <div class="hover">
                <div class="info_symbol"></div>
            </div>
        </div>

        

        
    </article>
            </li>
        
            <li class="article" itemprop="itemListElement" itemscope="" itemtype="http://schema.org/Product">
                
    <article class="article_container" id="item_description_800214">


    
        <a class="article_name" title="Ver ficha de ACEITE CONDIS VIRGEN EXTRA 750 ML" href="/ACEITE-CONDIS-VIRGEN-EXTRA-750-ML_800214_prd_es_ES.jsp" itemprop="url"><span itemprop="name" id="description_text">ACEITE CONDIS VIRGEN EXTRA 750 ML</span></a>
    

        <!--informacion de gluten y calorias -->
        <div class="info_container">

            
                <span class="calories">900 <span>kcal</span></span>
                <a class="info" title="Producto con 900 kilocalorías" href="javascript:void(0);">
                    <span class="info_text">Producto con 900 kilocalorías.</span>
                </a>
            

            
                
                    <img class="info_icon" alt="Producto sin gluten" src="//static.condisline.com/resize_39x39/images/product_icons/no_gluten.png" width="39" height="39">

                    
                        <a class="info" title="Producto sin gluten" href="javascript:void(0);">
                            <span class="info_text">Producto sin gluten</span>
                        </a>
                    
                
                    <img class="info_icon" alt="Marca propia" src="//static.condisline.com/resize_39x39/images/product_icons/marca_propia.png" width="39" height="39">

                    
                        <a class="info" title="Marca propia" href="javascript:void(0);">
                            <span class="info_text">Marca propia</span>
                        </a>
                    
                
            
        </div>

        <img class="article_image" alt="ACEITE CONDIS VIRGEN EXTRA 750 ML" data-original="//static.condisline.com/resize_190x200/images/catalog/large/800214.jpg" src="//static.condisline.com/resize_190x200/images/catalog/large/800214.jpg" width="190" height="200" style="display: block;">

        <meta itemprop="image" content="//static.condisline.com/resize_190x200/images/catalog/large/800214.jpg">

        <div class="article_price_container" itemprop="offers" itemscope="" itemtype="http://schema.org/Offer">

            <!-- Price -->
            
                
                <span class="article_price" itemprop="price"><span id="list_price_800214">5,95</span></span>
                <span class="currency">€</span>
                <script>
                    formatNumber('5.95', 'list_price_800214');
                </script>
            

            <meta itemprop="priceCurrency" content="EUR">
            <div class="unit_container">
                
                    <a class="substract_button" title="Menos" href="javascript:void(0);">-</a>
                
                <label class="quantity_container">
                    
                        
                            <input class="input_quantity_product" id="item_quantity_800214" type="number" data-product="800214" value="" min="1" max="999" required="" autocomplete="off">
                        
                    
                </label>
                
                    <a class="add_button" title="Más" href="javascript:void(0);">+</a>
                    <a class="added_tick" title="Cambiar unidades" href="javascript:void(0);"></a>
                
            </div>

            
                
                    <div class="article_pum">
                        <span>      7,93€/Litro</span>
                    </div>
                
            

            
                
                    <a data-product-id="800214" class="orange_button btn_add2cart" title="Añadir al carrito" onclick="dataLayer.push({event: 'event_gtm',category:'acciones usuario', action:'a�adir producto desde listado'})" href="javascript:addToCartFromItemList('800214')">AÑADIR AL CARRITO &gt;</a>
                
            
            <span class="added_button">En carrito</span>

            
            
            <a class="white_button" title="Añadir a mi lista" href="javascript:addToListFromItemList('800214')" onclick="dataLayer.push({event: 'event_gtm',category:'acciones usuario', action:'a�adir producto a lista'});">Añadir a mi lista</a>
            
            
        </div>

        
            <a class="article_link" title="Ver ficha de ACEITE CONDIS VIRGEN EXTRA 750 ML" href="/ACEITE-CONDIS-VIRGEN-EXTRA-750-ML_800214_prd_es_ES.jsp" onclick="javascript:callingTaggingEnpoints('')" itemprop="url"></a>
        
        <div class="hover_container">
            <div class="hover">
                <div class="info_symbol"></div>
            </div>
        </div>

        

        
    </article>
            </li>
        
            <li class="article" itemprop="itemListElement" itemscope="" itemtype="http://schema.org/Product">
                
    <article class="article_container" id="item_description_102045">


    
        <a class="article_name" title="Ver ficha de ACEITE BORGESOL GIRASOL 1 L" href="/ACEITE-BORGESOL-GIRASOL-1-L_102045_prd_es_ES.jsp" itemprop="url"><span itemprop="name" id="description_text">ACEITE BORGESOL GIRASOL 1 L</span></a>
    

        <!--informacion de gluten y calorias -->
        <div class="info_container">

            
                <span class="calories">900 <span>kcal</span></span>
                <a class="info" title="Producto con 900 kilocalorías" href="javascript:void(0);">
                    <span class="info_text">Producto con 900 kilocalorías.</span>
                </a>
            

            
                
                    <img class="info_icon" alt="10% Descuento para suscriptores Condisline Prime" src="//static.condisline.com/resize_39x39/images/product_icons/icon_subscription.png" width="39" height="39">

                    
                        <a class="info" title="10% Descuento para suscriptores Condisline Prime" href="javascript:void(0);">
                            <span class="info_text">10% Descuento para suscriptores Condisline Prime</span>
                        </a>
                    
                
            
        </div>

        <img class="article_image" alt="ACEITE BORGESOL GIRASOL 1 L" data-original="//static.condisline.com/resize_190x200/images/catalog/large/102045.jpg" src="//static.condisline.com/resize_190x200/images/catalog/large/102045.jpg" width="190" height="200" style="display: block;">

        <meta itemprop="image" content="//static.condisline.com/resize_190x200/images/catalog/large/102045.jpg">

        <div class="article_price_container" itemprop="offers" itemscope="" itemtype="http://schema.org/Offer">

            <!-- Price -->
            
                
                <span class="article_price" itemprop="price"><span id="list_price_102045">2,89</span></span>
                <span class="currency">€</span>
                <script>
                    formatNumber('2.89', 'list_price_102045');
                </script>
            

            <meta itemprop="priceCurrency" content="EUR">
            <div class="unit_container">
                
                    <a class="substract_button" title="Menos" href="javascript:void(0);">-</a>
                
                <label class="quantity_container">
                    
                        
                            <input class="input_quantity_product" id="item_quantity_102045" type="number" data-product="102045" value="" min="1" max="999" required="" autocomplete="off">
                        
                    
                </label>
                
                    <a class="add_button" title="Más" href="javascript:void(0);">+</a>
                    <a class="added_tick" title="Cambiar unidades" href="javascript:void(0);"></a>
                
            </div>

            
                
                    <div class="article_pum">
                        <span>      2,89€/Litro</span>
                    </div>
                
            

            
                
                    <a data-product-id="102045" class="orange_button btn_add2cart" title="Añadir al carrito" onclick="dataLayer.push({event: 'event_gtm',category:'acciones usuario', action:'a�adir producto desde listado'})" href="javascript:addToCartFromItemList('102045')">AÑADIR AL CARRITO &gt;</a>
                
            
            <span class="added_button">En carrito</span>

            
            
            <a class="white_button" title="Añadir a mi lista" href="javascript:addToListFromItemList('102045')" onclick="dataLayer.push({event: 'event_gtm',category:'acciones usuario', action:'a�adir producto a lista'});">Añadir a mi lista</a>
            
            
        </div>

        
            <a class="article_link" title="Ver ficha de ACEITE BORGESOL GIRASOL 1 L" href="/ACEITE-BORGESOL-GIRASOL-1-L_102045_prd_es_ES.jsp" onclick="javascript:callingTaggingEnpoints('')" itemprop="url"></a>
        
        <div class="hover_container">
            <div class="hover">
                <div class="info_symbol"></div>
            </div>
        </div>

        

        
    </article>
            </li>
        
            <li class="article" itemprop="itemListElement" itemscope="" itemtype="http://schema.org/Product">
                
    <article class="article_container" id="item_description_111045">


    
        <a class="article_name" title="Ver ficha de VINAGRE BORGES MÓDENA 500 ML" href="/VINAGRE-BORGES-MODENA-500-ML_111045_prd_es_ES.jsp" itemprop="url"><span itemprop="name" id="description_text">VINAGRE BORGES MÓDENA 500 ML</span></a>
    

        <!--informacion de gluten y calorias -->
        <div class="info_container">

            
                <span class="calories">111 <span>kcal</span></span>
                <a class="info" title="Producto con 111 kilocalorías" href="javascript:void(0);">
                    <span class="info_text">Producto con 111 kilocalorías.</span>
                </a>
            

            
                
                    <img class="info_icon" alt="10% Descuento para suscriptores Condisline Prime" src="//static.condisline.com/resize_39x39/images/product_icons/icon_subscription.png" width="39" height="39">

                    
                        <a class="info" title="10% Descuento para suscriptores Condisline Prime" href="javascript:void(0);">
                            <span class="info_text">10% Descuento para suscriptores Condisline Prime</span>
                        </a>
                    
                
            
        </div>

        <img class="article_image" alt="VINAGRE BORGES MÓDENA 500 ML" data-original="//static.condisline.com/resize_190x200/images/catalog/large/111045.jpg" src="//static.condisline.com/resize_190x200/images/catalog/large/111045.jpg" width="190" height="200" style="display: block;">

        <meta itemprop="image" content="//static.condisline.com/resize_190x200/images/catalog/large/111045.jpg">

        <div class="article_price_container" itemprop="offers" itemscope="" itemtype="http://schema.org/Offer">

            <!-- Price -->
            
                
                <span class="article_price" itemprop="price"><span id="list_price_111045">3,92</span></span>
                <span class="currency">€</span>
                <script>
                    formatNumber('3.92', 'list_price_111045');
                </script>
            

            <meta itemprop="priceCurrency" content="EUR">
            <div class="unit_container">
                
                    <a class="substract_button" title="Menos" href="javascript:void(0);">-</a>
                
                <label class="quantity_container">
                    
                        
                            <input class="input_quantity_product" id="item_quantity_111045" type="number" data-product="111045" value="" min="1" max="999" required="" autocomplete="off">
                        
                    
                </label>
                
                    <a class="add_button" title="Más" href="javascript:void(0);">+</a>
                    <a class="added_tick" title="Cambiar unidades" href="javascript:void(0);"></a>
                
            </div>

            
                
                    <div class="article_pum">
                        <span>      7,84€/Litro</span>
                    </div>
                
            

            
                
                    <a data-product-id="111045" class="orange_button btn_add2cart" title="Añadir al carrito" onclick="dataLayer.push({event: 'event_gtm',category:'acciones usuario', action:'a�adir producto desde listado'})" href="javascript:addToCartFromItemList('111045')">AÑADIR AL CARRITO &gt;</a>
                
            
            <span class="added_button">En carrito</span>

            
            
            <a class="white_button" title="Añadir a mi lista" href="javascript:addToListFromItemList('111045')" onclick="dataLayer.push({event: 'event_gtm',category:'acciones usuario', action:'a�adir producto a lista'});">Añadir a mi lista</a>
            
            
        </div>

        
            <a class="article_link" title="Ver ficha de VINAGRE BORGES MÓDENA 500 ML" href="/VINAGRE-BORGES-MODENA-500-ML_111045_prd_es_ES.jsp" onclick="javascript:callingTaggingEnpoints('')" itemprop="url"></a>
        
        <div class="hover_container">
            <div class="hover">
                <div class="info_symbol"></div>
            </div>
        </div>

        

        
    </article>
            </li>
        
            <li class="article" itemprop="itemListElement" itemscope="" itemtype="http://schema.org/Product">
                
    <article class="article_container" id="item_description_102255">


    
        <a class="article_name" title="Ver ficha de ACEITE BORGES VIRGEN EXTRA 2 L" href="/ACEITE-BORGES-VIRGEN-EXTRA-2-L_102255_prd_es_ES.jsp" itemprop="url"><span itemprop="name" id="description_text">ACEITE BORGES VIRGEN EXTRA 2 L</span></a>
    

        <!--informacion de gluten y calorias -->
        <div class="info_container">

            
                <span class="calories">900 <span>kcal</span></span>
                <a class="info" title="Producto con 900 kilocalorías" href="javascript:void(0);">
                    <span class="info_text">Producto con 900 kilocalorías.</span>
                </a>
            

            
                
                    <img class="info_icon" alt="10% Descuento para suscriptores Condisline Prime" src="//static.condisline.com/resize_39x39/images/product_icons/icon_subscription.png" width="39" height="39">

                    
                        <a class="info" title="10% Descuento para suscriptores Condisline Prime" href="javascript:void(0);">
                            <span class="info_text">10% Descuento para suscriptores Condisline Prime</span>
                        </a>
                    
                
            
        </div>

        <img class="article_image" alt="ACEITE BORGES VIRGEN EXTRA 2 L" data-original="//static.condisline.com/resize_190x200/images/catalog/large/102255.jpg" src="//static.condisline.com/resize_190x200/images/catalog/large/102255.jpg" width="190" height="200" style="display: block;">

        <meta itemprop="image" content="//static.condisline.com/resize_190x200/images/catalog/large/102255.jpg">

        <div class="article_price_container" itemprop="offers" itemscope="" itemtype="http://schema.org/Offer">

            <!-- Price -->
            
                
                <span class="article_price" itemprop="price"><span id="list_price_102255">17,55</span></span>
                <span class="currency">€</span>
                <script>
                    formatNumber('17.55', 'list_price_102255');
                </script>
            

            <meta itemprop="priceCurrency" content="EUR">
            <div class="unit_container">
                
                    <a class="substract_button" title="Menos" href="javascript:void(0);">-</a>
                
                <label class="quantity_container">
                    
                        
                            <input class="input_quantity_product" id="item_quantity_102255" type="number" data-product="102255" value="" min="1" max="999" required="" autocomplete="off">
                        
                    
                </label>
                
                    <a class="add_button" title="Más" href="javascript:void(0);">+</a>
                    <a class="added_tick" title="Cambiar unidades" href="javascript:void(0);"></a>
                
            </div>

            
                
                    <div class="article_pum">
                        <span>      8,78€/Litro</span>
                    </div>
                
            

            
                
                    <a data-product-id="102255" class="orange_button btn_add2cart" title="Añadir al carrito" onclick="dataLayer.push({event: 'event_gtm',category:'acciones usuario', action:'a�adir producto desde listado'})" href="javascript:addToCartFromItemList('102255')">AÑADIR AL CARRITO &gt;</a>
                
            
            <span class="added_button">En carrito</span>

            
            
            <a class="white_button" title="Añadir a mi lista" href="javascript:addToListFromItemList('102255')" onclick="dataLayer.push({event: 'event_gtm',category:'acciones usuario', action:'a�adir producto a lista'});">Añadir a mi lista</a>
            
            
        </div>

        
            <a class="article_link" title="Ver ficha de ACEITE BORGES VIRGEN EXTRA 2 L" href="/ACEITE-BORGES-VIRGEN-EXTRA-2-L_102255_prd_es_ES.jsp" onclick="javascript:callingTaggingEnpoints('')" itemprop="url"></a>
        
        <div class="hover_container">
            <div class="hover">
                <div class="info_symbol"></div>
            </div>
        </div>

        

        
    </article>
            </li>
        
            <li class="article" itemprop="itemListElement" itemscope="" itemtype="http://schema.org/Product">
                
    <article class="article_container" id="item_description_102240">


    
        <a class="article_name" title="Ver ficha de ACEITE CARBONELL VIRGEN EXTRA SPRAY 200 ML" href="/ACEITE-CARBONELL-VIRGEN-EXTRA-SPRAY-200-ML_102240_prd_es_ES.jsp" itemprop="url"><span itemprop="name" id="description_text">ACEITE CARBONELL VIRGEN EXTRA SPRAY 200 ML</span></a>
    

        <!--informacion de gluten y calorias -->
        <div class="info_container">

            
                <span class="calories">900 <span>kcal</span></span>
                <a class="info" title="Producto con 900 kilocalorías" href="javascript:void(0);">
                    <span class="info_text">Producto con 900 kilocalorías.</span>
                </a>
            

            
                
                    <img class="info_icon" alt="10% Descuento para suscriptores Condisline Prime" src="//static.condisline.com/resize_39x39/images/product_icons/icon_subscription.png" width="39" height="39">

                    
                        <a class="info" title="10% Descuento para suscriptores Condisline Prime" href="javascript:void(0);">
                            <span class="info_text">10% Descuento para suscriptores Condisline Prime</span>
                        </a>
                    
                
            
        </div>

        <img class="article_image" alt="ACEITE CARBONELL VIRGEN EXTRA SPRAY 200 ML" data-original="//static.condisline.com/resize_190x200/images/catalog/large/102240.jpg" src="//static.condisline.com/resize_190x200/images/catalog/large/102240.jpg" width="190" height="200" style="display: block;">

        <meta itemprop="image" content="//static.condisline.com/resize_190x200/images/catalog/large/102240.jpg">

        <div class="article_price_container" itemprop="offers" itemscope="" itemtype="http://schema.org/Offer">

            <!-- Price -->
            
                
                <span class="article_price" itemprop="price"><span id="list_price_102240">3,49</span></span>
                <span class="currency">€</span>
                <script>
                    formatNumber('3.49', 'list_price_102240');
                </script>
            

            <meta itemprop="priceCurrency" content="EUR">
            <div class="unit_container">
                
                    <a class="substract_button" title="Menos" href="javascript:void(0);">-</a>
                
                <label class="quantity_container">
                    
                        
                            <input class="input_quantity_product" id="item_quantity_102240" type="number" data-product="102240" value="" min="1" max="999" required="" autocomplete="off">
                        
                    
                </label>
                
                    <a class="add_button" title="Más" href="javascript:void(0);">+</a>
                    <a class="added_tick" title="Cambiar unidades" href="javascript:void(0);"></a>
                
            </div>

            
                
                    <div class="article_pum">
                        <span>     17,45€/Litro</span>
                    </div>
                
            

            
                
                    <a data-product-id="102240" class="orange_button btn_add2cart" title="Añadir al carrito" onclick="dataLayer.push({event: 'event_gtm',category:'acciones usuario', action:'a�adir producto desde listado'})" href="javascript:addToCartFromItemList('102240')">AÑADIR AL CARRITO &gt;</a>
                
            
            <span class="added_button">En carrito</span>

            
            
            <a class="white_button" title="Añadir a mi lista" href="javascript:addToListFromItemList('102240')" onclick="dataLayer.push({event: 'event_gtm',category:'acciones usuario', action:'a�adir producto a lista'});">Añadir a mi lista</a>
            
            
        </div>

        
            <a class="article_link" title="Ver ficha de ACEITE CARBONELL VIRGEN EXTRA SPRAY 200 ML" href="/ACEITE-CARBONELL-VIRGEN-EXTRA-SPRAY-200-ML_102240_prd_es_ES.jsp" onclick="javascript:callingTaggingEnpoints('')" itemprop="url"></a>
        
        <div class="hover_container">
            <div class="hover">
                <div class="info_symbol"></div>
            </div>
        </div>

        

        
    </article>
            </li>
        
            <li class="article" itemprop="itemListElement" itemscope="" itemtype="http://schema.org/Product">
                
    <article class="article_container" id="item_description_111041">


    
        <a class="article_name" title="Ver ficha de CREMA BORGES BALSÁMICO DE MÓDENA 250 G" href="/CREMA-BORGES-BALSAMICO-DE-MODENA-250-G_111041_prd_es_ES.jsp" itemprop="url"><span itemprop="name" id="description_text">CREMA BORGES BALSÁMICO DE MÓDENA 250 G</span></a>
    

        <!--informacion de gluten y calorias -->
        <div class="info_container">

            
                <span class="calories">173 <span>kcal</span></span>
                <a class="info" title="Producto con 173 kilocalorías" href="javascript:void(0);">
                    <span class="info_text">Producto con 173 kilocalorías.</span>
                </a>
            

            
                
                    <img class="info_icon" alt="10% Descuento para suscriptores Condisline Prime" src="//static.condisline.com/resize_39x39/images/product_icons/icon_subscription.png" width="39" height="39">

                    
                        <a class="info" title="10% Descuento para suscriptores Condisline Prime" href="javascript:void(0);">
                            <span class="info_text">10% Descuento para suscriptores Condisline Prime</span>
                        </a>
                    
                
            
        </div>

        <img class="article_image" alt="CREMA BORGES BALSÁMICO DE MÓDENA 250 G" data-original="//static.condisline.com/resize_190x200/images/catalog/large/111041.jpg" src="//static.condisline.com/resize_190x200/images/catalog/large/111041.jpg" width="190" height="200" style="display: block;">

        <meta itemprop="image" content="//static.condisline.com/resize_190x200/images/catalog/large/111041.jpg">

        <div class="article_price_container" itemprop="offers" itemscope="" itemtype="http://schema.org/Offer">

            <!-- Price -->
            
                
                <span class="article_price" itemprop="price"><span id="list_price_111041">3,39</span></span>
                <span class="currency">€</span>
                <script>
                    formatNumber('3.39', 'list_price_111041');
                </script>
            

            <meta itemprop="priceCurrency" content="EUR">
            <div class="unit_container">
                
                    <a class="substract_button" title="Menos" href="javascript:void(0);">-</a>
                
                <label class="quantity_container">
                    
                        
                            <input class="input_quantity_product" id="item_quantity_111041" type="number" data-product="111041" value="" min="1" max="999" required="" autocomplete="off">
                        
                    
                </label>
                
                    <a class="add_button" title="Más" href="javascript:void(0);">+</a>
                    <a class="added_tick" title="Cambiar unidades" href="javascript:void(0);"></a>
                
            </div>

            
                
                    <div class="article_pum">
                        <span>     13,56€/Kilo</span>
                    </div>
                
            

            
                
                    <a data-product-id="111041" class="orange_button btn_add2cart" title="Añadir al carrito" onclick="dataLayer.push({event: 'event_gtm',category:'acciones usuario', action:'a�adir producto desde listado'})" href="javascript:addToCartFromItemList('111041')">AÑADIR AL CARRITO &gt;</a>
                
            
            <span class="added_button">En carrito</span>

            
            
            <a class="white_button" title="Añadir a mi lista" href="javascript:addToListFromItemList('111041')" onclick="dataLayer.push({event: 'event_gtm',category:'acciones usuario', action:'a�adir producto a lista'});">Añadir a mi lista</a>
            
            
        </div>

        
            <a class="article_link" title="Ver ficha de CREMA BORGES BALSÁMICO DE MÓDENA 250 G" href="/CREMA-BORGES-BALSAMICO-DE-MODENA-250-G_111041_prd_es_ES.jsp" onclick="javascript:callingTaggingEnpoints('')" itemprop="url"></a>
        
        <div class="hover_container">
            <div class="hover">
                <div class="info_symbol"></div>
            </div>
        </div>

        

        
    </article>
            </li>
        
            <li class="article" itemprop="itemListElement" itemscope="" itemtype="http://schema.org/Product">
                
    <article class="article_container" id="item_description_800468">


    
        <a class="article_name" title="Ver ficha de ACEITE OLIV CONDIS VIRGEN EXTRA 3 L" href="/ACEITE-OLIV-CONDIS-VIRGEN-EXTRA-3-L_800468_prd_es_ES.jsp" itemprop="url"><span itemprop="name" id="description_text">ACEITE OLIV CONDIS VIRGEN EXTRA 3 L</span></a>
    

        <!--informacion de gluten y calorias -->
        <div class="info_container">

            

            
                
                    <img class="info_icon" alt="Marca propia" src="//static.condisline.com/resize_39x39/images/product_icons/marca_propia.png" width="39" height="39">

                    
                        <a class="info" title="Marca propia" href="javascript:void(0);">
                            <span class="info_text">Marca propia</span>
                        </a>
                    
                
            
        </div>

        <img class="article_image" alt="ACEITE OLIV CONDIS VIRGEN EXTRA 3 L" data-original="//static.condisline.com/resize_190x200/images/catalog/large/800468.jpg" src="//static.condisline.com/resize_190x200/images/catalog/large/800468.jpg" width="190" height="200" style="display: block;">

        <meta itemprop="image" content="//static.condisline.com/resize_190x200/images/catalog/large/800468.jpg">

        <div class="article_price_container" itemprop="offers" itemscope="" itemtype="http://schema.org/Offer">

            <!-- Price -->
            
                
                <span class="article_price" itemprop="price"><span id="list_price_800468">14,95</span></span>
                <span class="currency">€</span>
                <script>
                    formatNumber('14.95', 'list_price_800468');
                </script>
            

            <meta itemprop="priceCurrency" content="EUR">
            <div class="unit_container">
                
                    <a class="substract_button" title="Menos" href="javascript:void(0);">-</a>
                
                <label class="quantity_container">
                    
                        
                            <input class="input_quantity_product" id="item_quantity_800468" type="number" data-product="800468" value="" min="1" max="999" required="" autocomplete="off">
                        
                    
                </label>
                
                    <a class="add_button" title="Más" href="javascript:void(0);">+</a>
                    <a class="added_tick" title="Cambiar unidades" href="javascript:void(0);"></a>
                
            </div>

            
                
                    <div class="article_pum">
                        <span>      4,98€/Litro</span>
                    </div>
                
            

            
                
                    <a data-product-id="800468" class="orange_button btn_add2cart" title="Añadir al carrito" onclick="dataLayer.push({event: 'event_gtm',category:'acciones usuario', action:'a�adir producto desde listado'})" href="javascript:addToCartFromItemList('800468')">AÑADIR AL CARRITO &gt;</a>
                
            
            <span class="added_button">En carrito</span>

            
            
            <a class="white_button" title="Añadir a mi lista" href="javascript:addToListFromItemList('800468')" onclick="dataLayer.push({event: 'event_gtm',category:'acciones usuario', action:'a�adir producto a lista'});">Añadir a mi lista</a>
            
            
        </div>

        
            <a class="article_link" title="Ver ficha de ACEITE OLIV CONDIS VIRGEN EXTRA 3 L" href="/ACEITE-OLIV-CONDIS-VIRGEN-EXTRA-3-L_800468_prd_es_ES.jsp" onclick="javascript:callingTaggingEnpoints('')" itemprop="url"></a>
        
        <div class="hover_container">
            <div class="hover">
                <div class="info_symbol"></div>
            </div>
        </div>

        

        
    </article>
            </li>
        
            <li class="article" itemprop="itemListElement" itemscope="" itemtype="http://schema.org/Product">
                
    <article class="article_container" id="item_description_111038">


    
        <a class="article_name" title="Ver ficha de VINAGRE CONDIS BALSÁMICO DE MÓDENA 250 ML" href="/VINAGRE-CONDIS-BALSAMICO-DE-MODENA-250-ML_111038_prd_es_ES.jsp" itemprop="url"><span itemprop="name" id="description_text">VINAGRE CONDIS BALSÁMICO DE MÓDENA 250 ML</span></a>
    

        <!--informacion de gluten y calorias -->
        <div class="info_container">

            
                <span class="calories">68 <span>kcal</span></span>
                <a class="info" title="Producto con 68 kilocalorías" href="javascript:void(0);">
                    <span class="info_text">Producto con 68 kilocalorías.</span>
                </a>
            

            
                
                    <img class="info_icon" alt="10% Descuento para suscriptores Condisline Prime" src="//static.condisline.com/resize_39x39/images/product_icons/icon_subscription.png" width="39" height="39">

                    
                        <a class="info" title="10% Descuento para suscriptores Condisline Prime" href="javascript:void(0);">
                            <span class="info_text">10% Descuento para suscriptores Condisline Prime</span>
                        </a>
                    
                
                    <img class="info_icon" alt="Marca propia" src="//static.condisline.com/resize_39x39/images/product_icons/marca_propia.png" width="39" height="39">

                    
                        <a class="info" title="Marca propia" href="javascript:void(0);">
                            <span class="info_text">Marca propia</span>
                        </a>
                    
                
            
        </div>

        <img class="article_image" alt="VINAGRE CONDIS BALSÁMICO DE MÓDENA 250 ML" data-original="//static.condisline.com/resize_190x200/images/catalog/large/111038.jpg" src="//static.condisline.com/resize_190x200/images/catalog/large/111038.jpg" width="190" height="200" style="display: block;">

        <meta itemprop="image" content="//static.condisline.com/resize_190x200/images/catalog/large/111038.jpg">

        <div class="article_price_container" itemprop="offers" itemscope="" itemtype="http://schema.org/Offer">

            <!-- Price -->
            
                
                <span class="article_price" itemprop="price"><span id="list_price_111038">1,35</span></span>
                <span class="currency">€</span>
                <script>
                    formatNumber('1.35', 'list_price_111038');
                </script>
            

            <meta itemprop="priceCurrency" content="EUR">
            <div class="unit_container">
                
                    <a class="substract_button" title="Menos" href="javascript:void(0);">-</a>
                
                <label class="quantity_container">
                    
                        
                            <input class="input_quantity_product" id="item_quantity_111038" type="number" data-product="111038" value="" min="1" max="999" required="" autocomplete="off">
                        
                    
                </label>
                
                    <a class="add_button" title="Más" href="javascript:void(0);">+</a>
                    <a class="added_tick" title="Cambiar unidades" href="javascript:void(0);"></a>
                
            </div>

            
                
                    <div class="article_pum">
                        <span>      5,40€/Litro</span>
                    </div>
                
            

            
                
                    <a data-product-id="111038" class="orange_button btn_add2cart" title="Añadir al carrito" onclick="dataLayer.push({event: 'event_gtm',category:'acciones usuario', action:'a�adir producto desde listado'})" href="javascript:addToCartFromItemList('111038')">AÑADIR AL CARRITO &gt;</a>
                
            
            <span class="added_button">En carrito</span>

            
            
            <a class="white_button" title="Añadir a mi lista" href="javascript:addToListFromItemList('111038')" onclick="dataLayer.push({event: 'event_gtm',category:'acciones usuario', action:'a�adir producto a lista'});">Añadir a mi lista</a>
            
            
        </div>

        
            <a class="article_link" title="Ver ficha de VINAGRE CONDIS BALSÁMICO DE MÓDENA 250 ML" href="/VINAGRE-CONDIS-BALSAMICO-DE-MODENA-250-ML_111038_prd_es_ES.jsp" onclick="javascript:callingTaggingEnpoints('')" itemprop="url"></a>
        
        <div class="hover_container">
            <div class="hover">
                <div class="info_symbol"></div>
            </div>
        </div>

        

        
    </article>
            </li>
        
            <li class="article" itemprop="itemListElement" itemscope="" itemtype="http://schema.org/Product">
                
    <article class="article_container" id="item_description_720090">


    
        <a class="article_name" title="Ver ficha de ACEITE DE OLIVA HOJIBLANCA VIRGEN EXTRA 1 L" href="/ACEITE-DE-OLIVA-HOJIBLANCA-VIRGEN-EXTRA-1-L_720090_prd_es_ES.jsp" itemprop="url"><span itemprop="name" id="description_text">ACEITE DE OLIVA HOJIBLANCA VIRGEN EXTRA 1 L</span></a>
    

        <!--informacion de gluten y calorias -->
        <div class="info_container">

            
                <span class="calories">821 <span>kcal</span></span>
                <a class="info" title="Producto con 821 kilocalorías" href="javascript:void(0);">
                    <span class="info_text">Producto con 821 kilocalorías.</span>
                </a>
            

            
                
                    <img class="info_icon" alt="10% Descuento para suscriptores Condisline Prime" src="//static.condisline.com/resize_39x39/images/product_icons/icon_subscription.png" width="39" height="39">

                    
                        <a class="info" title="10% Descuento para suscriptores Condisline Prime" href="javascript:void(0);">
                            <span class="info_text">10% Descuento para suscriptores Condisline Prime</span>
                        </a>
                    
                
            
        </div>

        <img class="article_image" alt="ACEITE DE OLIVA HOJIBLANCA VIRGEN EXTRA 1 L" data-original="//static.condisline.com/resize_190x200/images/catalog/large/720090.jpg" src="//static.condisline.com/resize_190x200/images/catalog/large/720090.jpg" width="190" height="200" style="display: block;">

        <meta itemprop="image" content="//static.condisline.com/resize_190x200/images/catalog/large/720090.jpg">

        <div class="article_price_container" itemprop="offers" itemscope="" itemtype="http://schema.org/Offer">

            <!-- Price -->
            
                
                <span class="article_price" itemprop="price"><span id="list_price_720090">7,99</span></span>
                <span class="currency">€</span>
                <script>
                    formatNumber('7.99', 'list_price_720090');
                </script>
            

            <meta itemprop="priceCurrency" content="EUR">
            <div class="unit_container">
                
                    <a class="substract_button" title="Menos" href="javascript:void(0);">-</a>
                
                <label class="quantity_container">
                    
                        
                            <input class="input_quantity_product" id="item_quantity_720090" type="number" data-product="720090" value="" min="1" max="999" required="" autocomplete="off">
                        
                    
                </label>
                
                    <a class="add_button" title="Más" href="javascript:void(0);">+</a>
                    <a class="added_tick" title="Cambiar unidades" href="javascript:void(0);"></a>
                
            </div>

            
                
                    <div class="article_pum">
                        <span>      7,99€/Litro</span>
                    </div>
                
            

            
                
                    <a data-product-id="720090" class="orange_button btn_add2cart" title="Añadir al carrito" onclick="dataLayer.push({event: 'event_gtm',category:'acciones usuario', action:'a�adir producto desde listado'})" href="javascript:addToCartFromItemList('720090')">AÑADIR AL CARRITO &gt;</a>
                
            
            <span class="added_button">En carrito</span>

            
            
            <a class="white_button" title="Añadir a mi lista" href="javascript:addToListFromItemList('720090')" onclick="dataLayer.push({event: 'event_gtm',category:'acciones usuario', action:'a�adir producto a lista'});">Añadir a mi lista</a>
            
            
        </div>

        
            <a class="article_link" title="Ver ficha de ACEITE DE OLIVA HOJIBLANCA VIRGEN EXTRA 1 L" href="/ACEITE-DE-OLIVA-HOJIBLANCA-VIRGEN-EXTRA-1-L_720090_prd_es_ES.jsp" onclick="javascript:callingTaggingEnpoints('')" itemprop="url"></a>
        
        <div class="hover_container">
            <div class="hover">
                <div class="info_symbol"></div>
            </div>
        </div>

        

        
    </article>
            </li>
        
            <li class="article" itemprop="itemListElement" itemscope="" itemtype="http://schema.org/Product">
                
    <article class="article_container" id="item_description_102258">


    
        <a class="article_name" title="Ver ficha de ACEITE GERMANOR VIRGEN EXTRA 2 L" href="/ACEITE-GERMANOR-VIRGEN-EXTRA-2-L_102258_prd_es_ES.jsp" itemprop="url"><span itemprop="name" id="description_text">ACEITE GERMANOR VIRGEN EXTRA 2 L</span></a>
    

        <!--informacion de gluten y calorias -->
        <div class="info_container">

            

            
                
                    <img class="info_icon" alt="10% Descuento para suscriptores Condisline Prime" src="//static.condisline.com/resize_39x39/images/product_icons/icon_subscription.png" width="39" height="39">

                    
                        <a class="info" title="10% Descuento para suscriptores Condisline Prime" href="javascript:void(0);">
                            <span class="info_text">10% Descuento para suscriptores Condisline Prime</span>
                        </a>
                    
                
            
        </div>

        <img class="article_image" alt="ACEITE GERMANOR VIRGEN EXTRA 2 L" data-original="//static.condisline.com/resize_190x200/images/catalog/large/102258.jpg" src="//static.condisline.com/resize_190x200/images/catalog/large/102258.jpg" width="190" height="200" style="display: block;">

        <meta itemprop="image" content="//static.condisline.com/resize_190x200/images/catalog/large/102258.jpg">

        <div class="article_price_container" itemprop="offers" itemscope="" itemtype="http://schema.org/Offer">

            <!-- Price -->
            
                
                <span class="article_price" itemprop="price"><span id="list_price_102258">19,95</span></span>
                <span class="currency">€</span>
                <script>
                    formatNumber('19.95', 'list_price_102258');
                </script>
            

            <meta itemprop="priceCurrency" content="EUR">
            <div class="unit_container">
                
                    <a class="substract_button" title="Menos" href="javascript:void(0);">-</a>
                
                <label class="quantity_container">
                    
                        
                            <input class="input_quantity_product" id="item_quantity_102258" type="number" data-product="102258" value="" min="1" max="999" required="" autocomplete="off">
                        
                    
                </label>
                
                    <a class="add_button" title="Más" href="javascript:void(0);">+</a>
                    <a class="added_tick" title="Cambiar unidades" href="javascript:void(0);"></a>
                
            </div>

            
                
                    <div class="article_pum">
                        <span>      9,98€/Litro</span>
                    </div>
                
            

            
                
                    <a data-product-id="102258" class="orange_button btn_add2cart" title="Añadir al carrito" onclick="dataLayer.push({event: 'event_gtm',category:'acciones usuario', action:'a�adir producto desde listado'})" href="javascript:addToCartFromItemList('102258')">AÑADIR AL CARRITO &gt;</a>
                
            
            <span class="added_button">En carrito</span>

            
            
            <a class="white_button" title="Añadir a mi lista" href="javascript:addToListFromItemList('102258')" onclick="dataLayer.push({event: 'event_gtm',category:'acciones usuario', action:'a�adir producto a lista'});">Añadir a mi lista</a>
            
            
        </div>

        
            <a class="article_link" title="Ver ficha de ACEITE GERMANOR VIRGEN EXTRA 2 L" href="/ACEITE-GERMANOR-VIRGEN-EXTRA-2-L_102258_prd_es_ES.jsp" onclick="javascript:callingTaggingEnpoints('')" itemprop="url"></a>
        
        <div class="hover_container">
            <div class="hover">
                <div class="info_symbol"></div>
            </div>
        </div>

        

        
    </article>
            </li>
        
    <!--    <ul id="carousel_articles" class="articles_list" itemscope="" itemtype="http://schema.org/ItemList"> -->                    <li class="article" itemprop="itemListElement" itemscope="" itemtype="http://schema.org/Product">                    <article class="article_container" id="item_description_111019">            <a class="article_name" title="Ver ficha de VINAGRE CONDIS NEGRO 1 L" href="/VINAGRE-CONDIS-NEGRO-1-L_111019_prd_es_ES.jsp" itemprop="url"><span itemprop="name" id="description_text">VINAGRE CONDIS NEGRO 1 L</span></a>            <!--informacion de gluten y calorias -->        <div class="info_container">                            <span class="calories">2 <span>kcal</span></span>                <a class="info" title="Producto con 2 kilocalorías" href="javascript:void(0);">                    <span class="info_text">Producto con 2 kilocalorías.</span>                </a>                                                            <img class="info_icon" alt="10% Descuento para suscriptores Condisline Prime" src="//static.condisline.com/resize_39x39/images/product_icons/icon_subscription.png" width="39" height="39">                                            <a class="info" title="10% Descuento para suscriptores Condisline Prime" href="javascript:void(0);">                            <span class="info_text">10% Descuento para suscriptores Condisline Prime</span>                        </a>                                                        <img class="info_icon" alt="Marca propia" src="//static.condisline.com/resize_39x39/images/product_icons/marca_propia.png" width="39" height="39">                                            <a class="info" title="Marca propia" href="javascript:void(0);">                            <span class="info_text">Marca propia</span>                        </a>                                                        </div>        <img class="article_image" alt="VINAGRE CONDIS NEGRO 1 L" data-original="//static.condisline.com/resize_190x200/images/catalog/large/111019.jpg" src="//static.condisline.com/resize_190x200/images/catalog/large/111019.jpg" width="190" height="200" style="display: block;">        <meta itemprop="image" content="//static.condisline.com/resize_190x200/images/catalog/large/111019.jpg">        <div class="article_price_container" itemprop="offers" itemscope="" itemtype="http://schema.org/Offer">            <!-- Price -->                                            <span class="article_price" itemprop="price"><span id="list_price_111019">0,99</span></span>                <span class="currency">€</span>                <script>                    formatNumber('0.99', 'list_price_111019');                </script>                        <meta itemprop="priceCurrency" content="EUR">            <div class="unit_container">                                    <a class="substract_button" title="Menos" href="javascript:void(0);">-</a>                                <label class="quantity_container">                                                                        <input class="input_quantity_product" id="item_quantity_111019" type="number" data-product="111019" value="" min="1" max="999" required="" autocomplete="off">                                                            </label>                                    <a class="add_button" title="Más" href="javascript:void(0);">+</a>                    <a class="added_tick" title="Cambiar unidades" href="javascript:void(0);"></a>                            </div>                                                <div class="article_pum">                        <span>      0,99€/Litro</span>                    </div>                                                                            <a data-product-id="111019" class="orange_button btn_add2cart" title="Añadir al carrito" onclick="dataLayer.push({event: 'event_gtm',category:'acciones usuario', action:'a�adir producto desde listado'})" href="javascript:addToCartFromItemList('111019')">AÑADIR AL CARRITO &gt;</a>                                        <span class="added_button">En carrito</span>                                    <a class="white_button" title="Añadir a mi lista" href="javascript:addToListFromItemList('111019')" onclick="dataLayer.push({event: 'event_gtm',category:'acciones usuario', action:'a�adir producto a lista'});">Añadir a mi lista</a>                                </div>                    <a class="article_link" title="Ver ficha de VINAGRE CONDIS NEGRO 1 L" href="/VINAGRE-CONDIS-NEGRO-1-L_111019_prd_es_ES.jsp" onclick="javascript:callingTaggingEnpoints('')" itemprop="url"></a>                <div class="hover_container">            <div class="hover">                <div class="info_symbol"></div>            </div>        </div>                    </article>            </li>                    <li class="article" itemprop="itemListElement" itemscope="" itemtype="http://schema.org/Product">                    <article class="article_container" id="item_description_111008">            <a class="article_name" title="Ver ficha de VINAGRE BORGES DE JEREZ 250 ML" href="/VINAGRE-BORGES-DE-JEREZ-250-ML_111008_prd_es_ES.jsp" itemprop="url"><span itemprop="name" id="description_text">VINAGRE BORGES DE JEREZ 250 ML</span></a>            <!--informacion de gluten y calorias -->        <div class="info_container">                            <span class="calories">27 <span>kcal</span></span>                <a class="info" title="Producto con 27 kilocalorías" href="javascript:void(0);">                    <span class="info_text">Producto con 27 kilocalorías.</span>                </a>                                                            <img class="info_icon" alt="10% Descuento para suscriptores Condisline Prime" src="//static.condisline.com/resize_39x39/images/product_icons/icon_subscription.png" width="39" height="39">                                            <a class="info" title="10% Descuento para suscriptores Condisline Prime" href="javascript:void(0);">                            <span class="info_text">10% Descuento para suscriptores Condisline Prime</span>                        </a>                                                        </div>        <img class="article_image" alt="VINAGRE BORGES DE JEREZ 250 ML" data-original="//static.condisline.com/resize_190x200/images/catalog/large/111008.jpg" src="//static.condisline.com/resize_190x200/images/catalog/large/111008.jpg" width="190" height="200" style="display: block;">        <meta itemprop="image" content="//static.condisline.com/resize_190x200/images/catalog/large/111008.jpg">        <div class="article_price_container" itemprop="offers" itemscope="" itemtype="http://schema.org/Offer">            <!-- Price -->                                            <span class="article_price" itemprop="price"><span id="list_price_111008">1,99</span></span>                <span class="currency">€</span>                <script>                    formatNumber('1.99', 'list_price_111008');                </script>                        <meta itemprop="priceCurrency" content="EUR">            <div class="unit_container">                                    <a class="substract_button" title="Menos" href="javascript:void(0);">-</a>                                <label class="quantity_container">                                                                        <input class="input_quantity_product" id="item_quantity_111008" type="number" data-product="111008" value="" min="1" max="999" required="" autocomplete="off">                                                            </label>                                    <a class="add_button" title="Más" href="javascript:void(0);">+</a>                    <a class="added_tick" title="Cambiar unidades" href="javascript:void(0);"></a>                            </div>                                                <div class="article_pum">                        <span>      7,96€/Litro</span>                    </div>                                                                            <a data-product-id="111008" class="orange_button btn_add2cart" title="Añadir al carrito" onclick="dataLayer.push({event: 'event_gtm',category:'acciones usuario', action:'a�adir producto desde listado'})" href="javascript:addToCartFromItemList('111008')">AÑADIR AL CARRITO &gt;</a>                                        <span class="added_button">En carrito</span>                                    <a class="white_button" title="Añadir a mi lista" href="javascript:addToListFromItemList('111008')" onclick="dataLayer.push({event: 'event_gtm',category:'acciones usuario', action:'a�adir producto a lista'});">Añadir a mi lista</a>                                </div>                    <a class="article_link" title="Ver ficha de VINAGRE BORGES DE JEREZ 250 ML" href="/VINAGRE-BORGES-DE-JEREZ-250-ML_111008_prd_es_ES.jsp" onclick="javascript:callingTaggingEnpoints('')" itemprop="url"></a>                <div class="hover_container">            <div class="hover">                <div class="info_symbol"></div>            </div>        </div>                    </article>            </li>                    <li class="article" itemprop="itemListElement" itemscope="" itemtype="http://schema.org/Product">                    <article class="article_container" id="item_description_102090">            <a class="article_name" title="Ver ficha de ACEITE DE OLIVA CARBONELL VIRGEN EXTRA GRAN SELECCIÓN 75 CL" href="/ACEITE-DE-OLIVA-CARBONELL-VIRGEN-EXTRA-GRAN-SELECCION-75-CL_102090_prd_es_ES.jsp" itemprop="url"><span itemprop="name" id="description_text">ACEITE DE OLIVA CARBONELL VIRGEN EXTRA GRAN SELECCIÓN 75 CL</span></a>            <!--informacion de gluten y calorias -->        <div class="info_container">                            <span class="calories">900 <span>kcal</span></span>                <a class="info" title="Producto con 900 kilocalorías" href="javascript:void(0);">                    <span class="info_text">Producto con 900 kilocalorías.</span>                </a>                                                            <img class="info_icon" alt="10% Descuento para suscriptores Condisline Prime" src="//static.condisline.com/resize_39x39/images/product_icons/icon_subscription.png" width="39" height="39">                                            <a class="info" title="10% Descuento para suscriptores Condisline Prime" href="javascript:void(0);">                            <span class="info_text">10% Descuento para suscriptores Condisline Prime</span>                        </a>                                                        </div>        <img class="article_image" alt="ACEITE DE OLIVA CARBONELL VIRGEN EXTRA GRAN SELECCIÓN 75 CL" data-original="//static.condisline.com/resize_190x200/images/catalog/large/102090.jpg" src="//static.condisline.com/resize_190x200/images/catalog/large/102090.jpg" width="190" height="200" style="display: block;">        <meta itemprop="image" content="//static.condisline.com/resize_190x200/images/catalog/large/102090.jpg">        <div class="article_price_container" itemprop="offers" itemscope="" itemtype="http://schema.org/Offer">            <!-- Price -->                                            <span class="article_price" itemprop="price"><span id="list_price_102090">5,99</span></span>                <span class="currency">€</span>                <script>                    formatNumber('5.99', 'list_price_102090');                </script>                        <meta itemprop="priceCurrency" content="EUR">            <div class="unit_container">                                    <a class="substract_button" title="Menos" href="javascript:void(0);">-</a>                                <label class="quantity_container">                                                                        <input class="input_quantity_product" id="item_quantity_102090" type="number" data-product="102090" value="" min="1" max="999" required="" autocomplete="off">                                                            </label>                                    <a class="add_button" title="Más" href="javascript:void(0);">+</a>                    <a class="added_tick" title="Cambiar unidades" href="javascript:void(0);"></a>                            </div>                                                <div class="article_pum">                        <span>      7,99€/Litro</span>                    </div>                                                                            <a data-product-id="102090" class="orange_button btn_add2cart" title="Añadir al carrito" onclick="dataLayer.push({event: 'event_gtm',category:'acciones usuario', action:'a�adir producto desde listado'})" href="javascript:addToCartFromItemList('102090')">AÑADIR AL CARRITO &gt;</a>                                        <span class="added_button">En carrito</span>                                    <a class="white_button" title="Añadir a mi lista" href="javascript:addToListFromItemList('102090')" onclick="dataLayer.push({event: 'event_gtm',category:'acciones usuario', action:'a�adir producto a lista'});">Añadir a mi lista</a>                                </div>                    <a class="article_link" title="Ver ficha de ACEITE DE OLIVA CARBONELL VIRGEN EXTRA GRAN SELECCIÓN 75 CL" href="/ACEITE-DE-OLIVA-CARBONELL-VIRGEN-EXTRA-GRAN-SELECCION-75-CL_102090_prd_es_ES.jsp" onclick="javascript:callingTaggingEnpoints('')" itemprop="url"></a>                <div class="hover_container">            <div class="hover">                <div class="info_symbol"></div>            </div>        </div>                    </article>            </li>                    <li class="article" itemprop="itemListElement" itemscope="" itemtype="http://schema.org/Product">                    <article class="article_container" id="item_description_102106">            <a class="article_name" title="Ver ficha de ACEITE OLIVA CARBONELL SABOR 1 L" href="/ACEITE-OLIVA-CARBONELL-SABOR-1-L_102106_prd_es_ES.jsp" itemprop="url"><span itemprop="name" id="description_text">ACEITE OLIVA CARBONELL SABOR 1 L</span></a>            <!--informacion de gluten y calorias -->        <div class="info_container">                            <span class="calories">900 <span>kcal</span></span>                <a class="info" title="Producto con 900 kilocalorías" href="javascript:void(0);">                    <span class="info_text">Producto con 900 kilocalorías.</span>                </a>                                                            <img class="info_icon" alt="10% Descuento para suscriptores Condisline Prime" src="//static.condisline.com/resize_39x39/images/product_icons/icon_subscription.png" width="39" height="39">                                            <a class="info" title="10% Descuento para suscriptores Condisline Prime" href="javascript:void(0);">                            <span class="info_text">10% Descuento para suscriptores Condisline Prime</span>                        </a>                                                        </div>        <img class="article_image" alt="ACEITE OLIVA CARBONELL SABOR 1 L" data-original="//static.condisline.com/resize_190x200/images/catalog/large/102106.jpg" src="//static.condisline.com/resize_190x200/images/catalog/large/102106.jpg" width="190" height="200" style="display: block;">        <meta itemprop="image" content="//static.condisline.com/resize_190x200/images/catalog/large/102106.jpg">        <div class="article_price_container" itemprop="offers" itemscope="" itemtype="http://schema.org/Offer">            <!-- Price -->                                            <span class="article_price" itemprop="price"><span id="list_price_102106">5,45</span></span>                <span class="currency">€</span>                <script>                    formatNumber('5.45', 'list_price_102106');                </script>                        <meta itemprop="priceCurrency" content="EUR">            <div class="unit_container">                                    <a class="substract_button" title="Menos" href="javascript:void(0);">-</a>                                <label class="quantity_container">                                                                        <input class="input_quantity_product" id="item_quantity_102106" type="number" data-product="102106" value="" min="1" max="999" required="" autocomplete="off">                                                            </label>                                    <a class="add_button" title="Más" href="javascript:void(0);">+</a>                    <a class="added_tick" title="Cambiar unidades" href="javascript:void(0);"></a>                            </div>                                                <div class="article_pum">                        <span>      5,45€/Litro</span>                    </div>                                                                            <a data-product-id="102106" class="orange_button btn_add2cart" title="Añadir al carrito" onclick="dataLayer.push({event: 'event_gtm',category:'acciones usuario', action:'a�adir producto desde listado'})" href="javascript:addToCartFromItemList('102106')">AÑADIR AL CARRITO &gt;</a>                                        <span class="added_button">En carrito</span>                                    <a class="white_button" title="Añadir a mi lista" href="javascript:addToListFromItemList('102106')" onclick="dataLayer.push({event: 'event_gtm',category:'acciones usuario', action:'a�adir producto a lista'});">Añadir a mi lista</a>                                </div>                    <a class="article_link" title="Ver ficha de ACEITE OLIVA CARBONELL SABOR 1 L" href="/ACEITE-OLIVA-CARBONELL-SABOR-1-L_102106_prd_es_ES.jsp" onclick="javascript:callingTaggingEnpoints('')" itemprop="url"></a>                <div class="hover_container">            <div class="hover">                <div class="info_symbol"></div>            </div>        </div>                    </article>            </li>                    <li class="article" itemprop="itemListElement" itemscope="" itemtype="http://schema.org/Product">                    <article class="article_container" id="item_description_102449">            <a class="article_name" title="Ver ficha de ACEITE LA MASIA SUMMUM 1º 1 L" href="/ACEITE-LA-MASIA-SUMMUM-1-1-L_102449_prd_es_ES.jsp" itemprop="url"><span itemprop="name" id="description_text">ACEITE LA MASIA SUMMUM 1º 1 L</span></a>            <!--informacion de gluten y calorias -->        <div class="info_container">                            <span class="calories">824 <span>kcal</span></span>                <a class="info" title="Producto con 824 kilocalorías" href="javascript:void(0);">                    <span class="info_text">Producto con 824 kilocalorías.</span>                </a>                                                            <img class="info_icon" alt="10% Descuento para suscriptores Condisline Prime" src="//static.condisline.com/resize_39x39/images/product_icons/icon_subscription.png" width="39" height="39">                                            <a class="info" title="10% Descuento para suscriptores Condisline Prime" href="javascript:void(0);">                            <span class="info_text">10% Descuento para suscriptores Condisline Prime</span>                        </a>                                                        </div>        <img class="article_image" alt="ACEITE LA MASIA SUMMUM 1º 1 L" data-original="//static.condisline.com/resize_190x200/images/catalog/large/102449.jpg" src="//static.condisline.com/resize_190x200/images/catalog/large/102449.jpg" width="190" height="200" style="display: block;">        <meta itemprop="image" content="//static.condisline.com/resize_190x200/images/catalog/large/102449.jpg">        <div class="article_price_container" itemprop="offers" itemscope="" itemtype="http://schema.org/Offer">            <!-- Price -->                                            <span class="article_price" itemprop="price"><span id="list_price_102449">5,19</span></span>                <span class="currency">€</span>                <script>                    formatNumber('5.19', 'list_price_102449');                </script>                        <meta itemprop="priceCurrency" content="EUR">            <div class="unit_container">                                    <a class="substract_button" title="Menos" href="javascript:void(0);">-</a>                                <label class="quantity_container">                                                                        <input class="input_quantity_product" id="item_quantity_102449" type="number" data-product="102449" value="" min="1" max="999" required="" autocomplete="off">                                                            </label>                                    <a class="add_button" title="Más" href="javascript:void(0);">+</a>                    <a class="added_tick" title="Cambiar unidades" href="javascript:void(0);"></a>                            </div>                                                <div class="article_pum">                        <span>      5,19€/Litro</span>                    </div>                                                                            <a data-product-id="102449" class="orange_button btn_add2cart" title="Añadir al carrito" onclick="dataLayer.push({event: 'event_gtm',category:'acciones usuario', action:'a�adir producto desde listado'})" href="javascript:addToCartFromItemList('102449')">AÑADIR AL CARRITO &gt;</a>                                        <span class="added_button">En carrito</span>                                    <a class="white_button" title="Añadir a mi lista" href="javascript:addToListFromItemList('102449')" onclick="dataLayer.push({event: 'event_gtm',category:'acciones usuario', action:'a�adir producto a lista'});">Añadir a mi lista</a>                                </div>                    <a class="article_link" title="Ver ficha de ACEITE LA MASIA SUMMUM 1º 1 L" href="/ACEITE-LA-MASIA-SUMMUM-1-1-L_102449_prd_es_ES.jsp" onclick="javascript:callingTaggingEnpoints('')" itemprop="url"></a>                <div class="hover_container">            <div class="hover">                <div class="info_symbol"></div>            </div>        </div>                    </article>            </li>                    <li class="article" itemprop="itemListElement" itemscope="" itemtype="http://schema.org/Product">                    <article class="article_container" id="item_description_111033">            <a class="article_name" title="Ver ficha de VINAGRE CONDIS SIDRA 75 CL" href="/VINAGRE-CONDIS-SIDRA-75-CL_111033_prd_es_ES.jsp" itemprop="url"><span itemprop="name" id="description_text">VINAGRE CONDIS SIDRA 75 CL</span></a>            <!--informacion de gluten y calorias -->        <div class="info_container">                            <span class="calories">2 <span>kcal</span></span>                <a class="info" title="Producto con 2 kilocalorías" href="javascript:void(0);">                    <span class="info_text">Producto con 2 kilocalorías.</span>                </a>                                                            <img class="info_icon" alt="10% Descuento para suscriptores Condisline Prime" src="//static.condisline.com/resize_39x39/images/product_icons/icon_subscription.png" width="39" height="39">                                            <a class="info" title="10% Descuento para suscriptores Condisline Prime" href="javascript:void(0);">                            <span class="info_text">10% Descuento para suscriptores Condisline Prime</span>                        </a>                                                        <img class="info_icon" alt="Marca propia" src="//static.condisline.com/resize_39x39/images/product_icons/marca_propia.png" width="39" height="39">                                            <a class="info" title="Marca propia" href="javascript:void(0);">                            <span class="info_text">Marca propia</span>                        </a>                                                        </div>        <img class="article_image" alt="VINAGRE CONDIS SIDRA 75 CL" data-original="//static.condisline.com/resize_190x200/images/catalog/large/111033.jpg" src="//static.condisline.com/resize_190x200/images/catalog/large/111033.jpg" width="190" height="200" style="display: block;">        <meta itemprop="image" content="//static.condisline.com/resize_190x200/images/catalog/large/111033.jpg">        <div class="article_price_container" itemprop="offers" itemscope="" itemtype="http://schema.org/Offer">            <!-- Price -->                                            <span class="article_price" itemprop="price"><span id="list_price_111033">1,45</span></span>                <span class="currency">€</span>                <script>                    formatNumber('1.45', 'list_price_111033');                </script>                        <meta itemprop="priceCurrency" content="EUR">            <div class="unit_container">                                    <a class="substract_button" title="Menos" href="javascript:void(0);">-</a>                                <label class="quantity_container">                                                                        <input class="input_quantity_product" id="item_quantity_111033" type="number" data-product="111033" value="" min="1" max="999" required="" autocomplete="off">                                                            </label>                                    <a class="add_button" title="Más" href="javascript:void(0);">+</a>                    <a class="added_tick" title="Cambiar unidades" href="javascript:void(0);"></a>                            </div>                                                <div class="article_pum">                        <span>      1,93€/Litro</span>                    </div>                                                                            <a data-product-id="111033" class="orange_button btn_add2cart" title="Añadir al carrito" onclick="dataLayer.push({event: 'event_gtm',category:'acciones usuario', action:'a�adir producto desde listado'})" href="javascript:addToCartFromItemList('111033')">AÑADIR AL CARRITO &gt;</a>                                        <span class="added_button">En carrito</span>                                    <a class="white_button" title="Añadir a mi lista" href="javascript:addToListFromItemList('111033')" onclick="dataLayer.push({event: 'event_gtm',category:'acciones usuario', action:'a�adir producto a lista'});">Añadir a mi lista</a>                                </div>                    <a class="article_link" title="Ver ficha de VINAGRE CONDIS SIDRA 75 CL" href="/VINAGRE-CONDIS-SIDRA-75-CL_111033_prd_es_ES.jsp" onclick="javascript:callingTaggingEnpoints('')" itemprop="url"></a>                <div class="hover_container">            <div class="hover">                <div class="info_symbol"></div>            </div>        </div>                    </article>            </li>                    <li class="article" itemprop="itemListElement" itemscope="" itemtype="http://schema.org/Product">                    <article class="article_container" id="item_description_102019">            <a class="article_name" title="Ver ficha de ACEITE BORGESOL GIRASOL 2 L" href="/ACEITE-BORGESOL-GIRASOL-2-L_102019_prd_es_ES.jsp" itemprop="url"><span itemprop="name" id="description_text">ACEITE BORGESOL GIRASOL 2 L</span></a>            <!--informacion de gluten y calorias -->        <div class="info_container">                            <span class="calories">900 <span>kcal</span></span>                <a class="info" title="Producto con 900 kilocalorías" href="javascript:void(0);">                    <span class="info_text">Producto con 900 kilocalorías.</span>                </a>                                                            <img class="info_icon" alt="10% Descuento para suscriptores Condisline Prime" src="//static.condisline.com/resize_39x39/images/product_icons/icon_subscription.png" width="39" height="39">                                            <a class="info" title="10% Descuento para suscriptores Condisline Prime" href="javascript:void(0);">                            <span class="info_text">10% Descuento para suscriptores Condisline Prime</span>                        </a>                                                        </div>        <img class="article_image" alt="ACEITE BORGESOL GIRASOL 2 L" data-original="//static.condisline.com/resize_190x200/images/catalog/large/102019.jpg" src="//static.condisline.com/resize_190x200/images/catalog/large/102019.jpg" width="190" height="200" style="display: block;">        <meta itemprop="image" content="//static.condisline.com/resize_190x200/images/catalog/large/102019.jpg">        <div class="article_price_container" itemprop="offers" itemscope="" itemtype="http://schema.org/Offer">            <!-- Price -->                                            <span class="article_price" itemprop="price"><span id="list_price_102019">5,65</span></span>                <span class="currency">€</span>                <script>                    formatNumber('5.65', 'list_price_102019');                </script>                        <meta itemprop="priceCurrency" content="EUR">            <div class="unit_container">                                    <a class="substract_button" title="Menos" href="javascript:void(0);">-</a>                                <label class="quantity_container">                                                                        <input class="input_quantity_product" id="item_quantity_102019" type="number" data-product="102019" value="" min="1" max="999" required="" autocomplete="off">                                                            </label>                                    <a class="add_button" title="Más" href="javascript:void(0);">+</a>                    <a class="added_tick" title="Cambiar unidades" href="javascript:void(0);"></a>                            </div>                                                <div class="article_pum">                        <span>      2,83€/Litro</span>                    </div>                                                                            <a data-product-id="102019" class="orange_button btn_add2cart" title="Añadir al carrito" onclick="dataLayer.push({event: 'event_gtm',category:'acciones usuario', action:'a�adir producto desde listado'})" href="javascript:addToCartFromItemList('102019')">AÑADIR AL CARRITO &gt;</a>                                        <span class="added_button">En carrito</span>                                    <a class="white_button" title="Añadir a mi lista" href="javascript:addToListFromItemList('102019')" onclick="dataLayer.push({event: 'event_gtm',category:'acciones usuario', action:'a�adir producto a lista'});">Añadir a mi lista</a>                                </div>                    <a class="article_link" title="Ver ficha de ACEITE BORGESOL GIRASOL 2 L" href="/ACEITE-BORGESOL-GIRASOL-2-L_102019_prd_es_ES.jsp" onclick="javascript:callingTaggingEnpoints('')" itemprop="url"></a>                <div class="hover_container">            <div class="hover">                <div class="info_symbol"></div>            </div>        </div>                    </article>            </li>                    <li class="article" itemprop="itemListElement" itemscope="" itemtype="http://schema.org/Product">                    <article class="article_container" id="item_description_111081">            <a class="article_name" title="Ver ficha de VINAGRE BORGES BLANCO 1 L" href="/VINAGRE-BORGES-BLANCO-1-L_111081_prd_es_ES.jsp" itemprop="url"><span itemprop="name" id="description_text">VINAGRE BORGES BLANCO 1 L</span></a>            <!--informacion de gluten y calorias -->        <div class="info_container">                            <span class="calories">20 <span>kcal</span></span>                <a class="info" title="Producto con 20 kilocalorías" href="javascript:void(0);">                    <span class="info_text">Producto con 20 kilocalorías.</span>                </a>                                                            <img class="info_icon" alt="10% Descuento para suscriptores Condisline Prime" src="//static.condisline.com/resize_39x39/images/product_icons/icon_subscription.png" width="39" height="39">                                            <a class="info" title="10% Descuento para suscriptores Condisline Prime" href="javascript:void(0);">                            <span class="info_text">10% Descuento para suscriptores Condisline Prime</span>                        </a>                                                        </div>        <img class="article_image" alt="VINAGRE BORGES BLANCO 1 L" data-original="//static.condisline.com/resize_190x200/images/catalog/large/111081.jpg" src="//static.condisline.com/resize_190x200/images/catalog/large/111081.jpg" width="190" height="200" style="display: block;">        <meta itemprop="image" content="//static.condisline.com/resize_190x200/images/catalog/large/111081.jpg">        <div class="article_price_container" itemprop="offers" itemscope="" itemtype="http://schema.org/Offer">            <!-- Price -->                                            <span class="article_price" itemprop="price"><span id="list_price_111081">1,29</span></span>                <span class="currency">€</span>                <script>                    formatNumber('1.29', 'list_price_111081');                </script>                        <meta itemprop="priceCurrency" content="EUR">            <div class="unit_container">                                    <a class="substract_button" title="Menos" href="javascript:void(0);">-</a>                                <label class="quantity_container">                                                                        <input class="input_quantity_product" id="item_quantity_111081" type="number" data-product="111081" value="" min="1" max="999" required="" autocomplete="off">                                                            </label>                                    <a class="add_button" title="Más" href="javascript:void(0);">+</a>                    <a class="added_tick" title="Cambiar unidades" href="javascript:void(0);"></a>                            </div>                                                <div class="article_pum">                        <span>      1,29€/Litro</span>                    </div>                                                                            <a data-product-id="111081" class="orange_button btn_add2cart" title="Añadir al carrito" onclick="dataLayer.push({event: 'event_gtm',category:'acciones usuario', action:'a�adir producto desde listado'})" href="javascript:addToCartFromItemList('111081')">AÑADIR AL CARRITO &gt;</a>                                        <span class="added_button">En carrito</span>                                    <a class="white_button" title="Añadir a mi lista" href="javascript:addToListFromItemList('111081')" onclick="dataLayer.push({event: 'event_gtm',category:'acciones usuario', action:'a�adir producto a lista'});">Añadir a mi lista</a>                                </div>                    <a class="article_link" title="Ver ficha de VINAGRE BORGES BLANCO 1 L" href="/VINAGRE-BORGES-BLANCO-1-L_111081_prd_es_ES.jsp" onclick="javascript:callingTaggingEnpoints('')" itemprop="url"></a>                <div class="hover_container">            <div class="hover">                <div class="info_symbol"></div>            </div>        </div>                    </article>            </li>                    <li class="article" itemprop="itemListElement" itemscope="" itemtype="http://schema.org/Product">                    <article class="article_container" id="item_description_102000">            <a class="article_name" title="Ver ficha de ACEITE CONDIS GIRASOL 5 L" href="/ACEITE-CONDIS-GIRASOL-5-L_102000_prd_es_ES.jsp" itemprop="url"><span itemprop="name" id="description_text">ACEITE CONDIS GIRASOL 5 L</span></a>            <!--informacion de gluten y calorias -->        <div class="info_container">                            <span class="calories">826 <span>kcal</span></span>                <a class="info" title="Producto con 826 kilocalorías" href="javascript:void(0);">                    <span class="info_text">Producto con 826 kilocalorías.</span>                </a>                                                            <img class="info_icon" alt="Marca propia" src="//static.condisline.com/resize_39x39/images/product_icons/marca_propia.png" width="39" height="39">                                            <a class="info" title="Marca propia" href="javascript:void(0);">                            <span class="info_text">Marca propia</span>                        </a>                                                        </div>        <img class="article_image" alt="ACEITE CONDIS GIRASOL 5 L" data-original="//static.condisline.com/resize_190x200/images/catalog/large/102000.jpg" src="//static.condisline.com/resize_190x200/images/catalog/large/102000.jpg" width="190" height="200" style="display: block;">        <meta itemprop="image" content="//static.condisline.com/resize_190x200/images/catalog/large/102000.jpg">        <div class="article_price_container" itemprop="offers" itemscope="" itemtype="http://schema.org/Offer">            <!-- Price -->                                            <span class="article_price" itemprop="price"><span id="list_price_102000">8,70</span></span>                <span class="currency">€</span>                <script>                    formatNumber('8.7', 'list_price_102000');                </script>                        <meta itemprop="priceCurrency" content="EUR">            <div class="unit_container">                                    <a class="substract_button" title="Menos" href="javascript:void(0);">-</a>                                <label class="quantity_container">                                                                        <input class="input_quantity_product" id="item_quantity_102000" type="number" data-product="102000" value="" min="1" max="999" required="" autocomplete="off">                                                            </label>                                    <a class="add_button" title="Más" href="javascript:void(0);">+</a>                    <a class="added_tick" title="Cambiar unidades" href="javascript:void(0);"></a>                            </div>                                                <div class="article_pum">                        <span>      1,74€/Litro</span>                    </div>                                                                            <a data-product-id="102000" class="orange_button btn_add2cart" title="Añadir al carrito" onclick="dataLayer.push({event: 'event_gtm',category:'acciones usuario', action:'a�adir producto desde listado'})" href="javascript:addToCartFromItemList('102000')">AÑADIR AL CARRITO &gt;</a>                                        <span class="added_button">En carrito</span>                                    <a class="white_button" title="Añadir a mi lista" href="javascript:addToListFromItemList('102000')" onclick="dataLayer.push({event: 'event_gtm',category:'acciones usuario', action:'a�adir producto a lista'});">Añadir a mi lista</a>                                </div>                    <a class="article_link" title="Ver ficha de ACEITE CONDIS GIRASOL 5 L" href="/ACEITE-CONDIS-GIRASOL-5-L_102000_prd_es_ES.jsp" onclick="javascript:callingTaggingEnpoints('')" itemprop="url"></a>                <div class="hover_container">            <div class="hover">                <div class="info_symbol"></div>            </div>        </div>                    </article>            </li>                    <li class="article" itemprop="itemListElement" itemscope="" itemtype="http://schema.org/Product">                    <article class="article_container" id="item_description_111017">            <a class="article_name" title="Ver ficha de VINAGRE CONDIS BLANCO 50 CL" href="/VINAGRE-CONDIS-BLANCO-50-CL_111017_prd_es_ES.jsp" itemprop="url"><span itemprop="name" id="description_text">VINAGRE CONDIS BLANCO 50 CL</span></a>            <!--informacion de gluten y calorias -->        <div class="info_container">                            <span class="calories">2 <span>kcal</span></span>                <a class="info" title="Producto con 2 kilocalorías" href="javascript:void(0);">                    <span class="info_text">Producto con 2 kilocalorías.</span>                </a>                                                            <img class="info_icon" alt="10% Descuento para suscriptores Condisline Prime" src="//static.condisline.com/resize_39x39/images/product_icons/icon_subscription.png" width="39" height="39">                                            <a class="info" title="10% Descuento para suscriptores Condisline Prime" href="javascript:void(0);">                            <span class="info_text">10% Descuento para suscriptores Condisline Prime</span>                        </a>                                                        <img class="info_icon" alt="Marca propia" src="//static.condisline.com/resize_39x39/images/product_icons/marca_propia.png" width="39" height="39">                                            <a class="info" title="Marca propia" href="javascript:void(0);">                            <span class="info_text">Marca propia</span>                        </a>                                                        </div>        <img class="article_image" alt="VINAGRE CONDIS BLANCO 50 CL" data-original="//static.condisline.com/resize_190x200/images/catalog/large/111017.jpg" src="//static.condisline.com/resize_190x200/images/catalog/large/111017.jpg" width="190" height="200" style="display: block;">        <meta itemprop="image" content="//static.condisline.com/resize_190x200/images/catalog/large/111017.jpg">        <div class="article_price_container" itemprop="offers" itemscope="" itemtype="http://schema.org/Offer">            <!-- Price -->                                            <span class="article_price" itemprop="price"><span id="list_price_111017">0,55</span></span>                <span class="currency">€</span>                <script>                    formatNumber('0.55', 'list_price_111017');                </script>                        <meta itemprop="priceCurrency" content="EUR">            <div class="unit_container">                                    <a class="substract_button" title="Menos" href="javascript:void(0);">-</a>                                <label class="quantity_container">                                                                        <input class="input_quantity_product" id="item_quantity_111017" type="number" data-product="111017" value="" min="1" max="999" required="" autocomplete="off">                                                            </label>                                    <a class="add_button" title="Más" href="javascript:void(0);">+</a>                    <a class="added_tick" title="Cambiar unidades" href="javascript:void(0);"></a>                            </div>                                                <div class="article_pum">                        <span>      1,10€/Litro</span>                    </div>                                                                            <a data-product-id="111017" class="orange_button btn_add2cart" title="Añadir al carrito" onclick="dataLayer.push({event: 'event_gtm',category:'acciones usuario', action:'a�adir producto desde listado'})" href="javascript:addToCartFromItemList('111017')">AÑADIR AL CARRITO &gt;</a>                                        <span class="added_button">En carrito</span>                                    <a class="white_button" title="Añadir a mi lista" href="javascript:addToListFromItemList('111017')" onclick="dataLayer.push({event: 'event_gtm',category:'acciones usuario', action:'a�adir producto a lista'});">Añadir a mi lista</a>                                </div>                    <a class="article_link" title="Ver ficha de VINAGRE CONDIS BLANCO 50 CL" href="/VINAGRE-CONDIS-BLANCO-50-CL_111017_prd_es_ES.jsp" onclick="javascript:callingTaggingEnpoints('')" itemprop="url"></a>                <div class="hover_container">            <div class="hover">                <div class="info_symbol"></div>            </div>        </div>                    </article>            </li>                    <li class="article" itemprop="itemListElement" itemscope="" itemtype="http://schema.org/Product">                    <article class="article_container" id="item_description_170833">            <a class="article_name" title="Ver ficha de CREMA BALSÁMICA CONDIS MODENA 250 ML" href="/CREMA-BALSAMICA-CONDIS-MODENA-250-ML_170833_prd_es_ES.jsp" itemprop="url"><span itemprop="name" id="description_text">CREMA BALSÁMICA CONDIS MODENA 250 ML</span></a>            <!--informacion de gluten y calorias -->        <div class="info_container">                            <span class="calories">166 <span>kcal</span></span>                <a class="info" title="Producto con 166 kilocalorías" href="javascript:void(0);">                    <span class="info_text">Producto con 166 kilocalorías.</span>                </a>                                                            <img class="info_icon" alt="10% Descuento para suscriptores Condisline Prime" src="//static.condisline.com/resize_39x39/images/product_icons/icon_subscription.png" width="39" height="39">                                            <a class="info" title="10% Descuento para suscriptores Condisline Prime" href="javascript:void(0);">                            <span class="info_text">10% Descuento para suscriptores Condisline Prime</span>                        </a>                                                        <img class="info_icon" alt="Producto sin gluten" src="//static.condisline.com/resize_39x39/images/product_icons/no_gluten.png" width="39" height="39">                                            <a class="info" title="Producto sin gluten" href="javascript:void(0);">                            <span class="info_text">Producto sin gluten</span>                        </a>                                                        <img class="info_icon" alt="Marca propia" src="//static.condisline.com/resize_39x39/images/product_icons/marca_propia.png" width="39" height="39">                                            <a class="info" title="Marca propia" href="javascript:void(0);">                            <span class="info_text">Marca propia</span>                        </a>                                                        </div>        <img class="article_image" alt="CREMA BALSÁMICA CONDIS MODENA 250 ML" data-original="//static.condisline.com/resize_190x200/images/catalog/large/170833.jpg" src="//static.condisline.com/resize_190x200/images/catalog/large/170833.jpg" width="190" height="200" style="display: block;">        <meta itemprop="image" content="//static.condisline.com/resize_190x200/images/catalog/large/170833.jpg">        <div class="article_price_container" itemprop="offers" itemscope="" itemtype="http://schema.org/Offer">            <!-- Price -->                                            <span class="article_price" itemprop="price"><span id="list_price_170833">2,19</span></span>                <span class="currency">€</span>                <script>                    formatNumber('2.19', 'list_price_170833');                </script>                        <meta itemprop="priceCurrency" content="EUR">            <div class="unit_container">                                    <a class="substract_button" title="Menos" href="javascript:void(0);">-</a>                                <label class="quantity_container">                                                                        <input class="input_quantity_product" id="item_quantity_170833" type="number" data-product="170833" value="" min="1" max="999" required="" autocomplete="off">                                                            </label>                                    <a class="add_button" title="Más" href="javascript:void(0);">+</a>                    <a class="added_tick" title="Cambiar unidades" href="javascript:void(0);"></a>                            </div>                                                <div class="article_pum">                        <span>      8,76€/Litro</span>                    </div>                                                                            <a data-product-id="170833" class="orange_button btn_add2cart" title="Añadir al carrito" onclick="dataLayer.push({event: 'event_gtm',category:'acciones usuario', action:'a�adir producto desde listado'})" href="javascript:addToCartFromItemList('170833')">AÑADIR AL CARRITO &gt;</a>                                        <span class="added_button">En carrito</span>                                    <a class="white_button" title="Añadir a mi lista" href="javascript:addToListFromItemList('170833')" onclick="dataLayer.push({event: 'event_gtm',category:'acciones usuario', action:'a�adir producto a lista'});">Añadir a mi lista</a>                                </div>                    <a class="article_link" title="Ver ficha de CREMA BALSÁMICA CONDIS MODENA 250 ML" href="/CREMA-BALSAMICA-CONDIS-MODENA-250-ML_170833_prd_es_ES.jsp" onclick="javascript:callingTaggingEnpoints('')" itemprop="url"></a>                <div class="hover_container">            <div class="hover">                <div class="info_symbol"></div>            </div>        </div>                    </article>            </li>                    <li class="article" itemprop="itemListElement" itemscope="" itemtype="http://schema.org/Product">                    <article class="article_container" id="item_description_102273">            <a class="article_name" title="Ver ficha de ACEITE BORGES ESPECIAL FRITO 1 L" href="/ACEITE-BORGES-ESPECIAL-FRITO-1-L_102273_prd_es_ES.jsp" itemprop="url"><span itemprop="name" id="description_text">ACEITE BORGES ESPECIAL FRITO 1 L</span></a>            <!--informacion de gluten y calorias -->        <div class="info_container">                            <span class="calories">900 <span>kcal</span></span>                <a class="info" title="Producto con 900 kilocalorías" href="javascript:void(0);">                    <span class="info_text">Producto con 900 kilocalorías.</span>                </a>                                                            <img class="info_icon" alt="10% Descuento para suscriptores Condisline Prime" src="//static.condisline.com/resize_39x39/images/product_icons/icon_subscription.png" width="39" height="39">                                            <a class="info" title="10% Descuento para suscriptores Condisline Prime" href="javascript:void(0);">                            <span class="info_text">10% Descuento para suscriptores Condisline Prime</span>                        </a>                                                        </div>        <img class="article_image" alt="ACEITE BORGES ESPECIAL FRITO 1 L" data-original="//static.condisline.com/resize_190x200/images/catalog/large/102273.jpg" src="//static.condisline.com/resize_190x200/images/catalog/large/102273.jpg" width="190" height="200" style="display: block;">        <meta itemprop="image" content="//static.condisline.com/resize_190x200/images/catalog/large/102273.jpg">        <div class="article_price_container" itemprop="offers" itemscope="" itemtype="http://schema.org/Offer">            <!-- Price -->                                            <span class="article_price" itemprop="price"><span id="list_price_102273">2,99</span></span>                <span class="currency">€</span>                <script>                    formatNumber('2.99', 'list_price_102273');                </script>                        <meta itemprop="priceCurrency" content="EUR">            <div class="unit_container">                                    <a class="substract_button" title="Menos" href="javascript:void(0);">-</a>                                <label class="quantity_container">                                                                        <input class="input_quantity_product" id="item_quantity_102273" type="number" data-product="102273" value="" min="1" max="999" required="" autocomplete="off">                                                            </label>                                    <a class="add_button" title="Más" href="javascript:void(0);">+</a>                    <a class="added_tick" title="Cambiar unidades" href="javascript:void(0);"></a>                            </div>                                                <div class="article_pum">                        <span>      2,99€/Litro</span>                    </div>                                                                            <a data-product-id="102273" class="orange_button btn_add2cart" title="Añadir al carrito" onclick="dataLayer.push({event: 'event_gtm',category:'acciones usuario', action:'a�adir producto desde listado'})" href="javascript:addToCartFromItemList('102273')">AÑADIR AL CARRITO &gt;</a>                                        <span class="added_button">En carrito</span>                                    <a class="white_button" title="Añadir a mi lista" href="javascript:addToListFromItemList('102273')" onclick="dataLayer.push({event: 'event_gtm',category:'acciones usuario', action:'a�adir producto a lista'});">Añadir a mi lista</a>                                </div>                    <a class="article_link" title="Ver ficha de ACEITE BORGES ESPECIAL FRITO 1 L" href="/ACEITE-BORGES-ESPECIAL-FRITO-1-L_102273_prd_es_ES.jsp" onclick="javascript:callingTaggingEnpoints('')" itemprop="url"></a>                <div class="hover_container">            <div class="hover">                <div class="info_symbol"></div>            </div>        </div>                    </article>            </li>                    <li class="article" itemprop="itemListElement" itemscope="" itemtype="http://schema.org/Product">                    <article class="article_container" id="item_description_800409">            <a class="article_name" title="Ver ficha de ACEITE OLIVA CONDIS VIRGEN EXTRA ARBEQUINA 75 CL" href="/ACEITE-OLIVA-CONDIS-VIRGEN-EXTRA-ARBEQUINA-75-CL_800409_prd_es_ES.jsp" itemprop="url"><span itemprop="name" id="description_text">ACEITE OLIVA CONDIS VIRGEN EXTRA ARBEQUINA 75 CL</span></a>            <!--informacion de gluten y calorias -->        <div class="info_container">                            <span class="calories">900 <span>kcal</span></span>                <a class="info" title="Producto con 900 kilocalorías" href="javascript:void(0);">                    <span class="info_text">Producto con 900 kilocalorías.</span>                </a>                                                            <img class="info_icon" alt="Producto sin gluten" src="//static.condisline.com/resize_39x39/images/product_icons/no_gluten.png" width="39" height="39">                                            <a class="info" title="Producto sin gluten" href="javascript:void(0);">                            <span class="info_text">Producto sin gluten</span>                        </a>                                                        <img class="info_icon" alt="Marca propia" src="//static.condisline.com/resize_39x39/images/product_icons/marca_propia.png" width="39" height="39">                                            <a class="info" title="Marca propia" href="javascript:void(0);">                            <span class="info_text">Marca propia</span>                        </a>                                                        </div>        <img class="article_image" alt="ACEITE OLIVA CONDIS VIRGEN EXTRA ARBEQUINA 75 CL" data-original="//static.condisline.com/resize_190x200/images/catalog/large/800409.jpg" src="//static.condisline.com/resize_190x200/images/catalog/large/800409.jpg" width="190" height="200" style="display: block;">        <meta itemprop="image" content="//static.condisline.com/resize_190x200/images/catalog/large/800409.jpg">        <div class="article_price_container" itemprop="offers" itemscope="" itemtype="http://schema.org/Offer">            <!-- Price -->                                            <span class="article_price" itemprop="price"><span id="list_price_800409">6,15</span></span>                <span class="currency">€</span>                <script>                    formatNumber('6.15', 'list_price_800409');                </script>                        <meta itemprop="priceCurrency" content="EUR">            <div class="unit_container">                                    <a class="substract_button" title="Menos" href="javascript:void(0);">-</a>                                <label class="quantity_container">                                                                        <input class="input_quantity_product" id="item_quantity_800409" type="number" data-product="800409" value="" min="1" max="999" required="" autocomplete="off">                                                            </label>                                    <a class="add_button" title="Más" href="javascript:void(0);">+</a>                    <a class="added_tick" title="Cambiar unidades" href="javascript:void(0);"></a>                            </div>                                                <div class="article_pum">                        <span>      8,20€/Litro</span>                    </div>                                                                            <a data-product-id="800409" class="orange_button btn_add2cart" title="Añadir al carrito" onclick="dataLayer.push({event: 'event_gtm',category:'acciones usuario', action:'a�adir producto desde listado'})" href="javascript:addToCartFromItemList('800409')">AÑADIR AL CARRITO &gt;</a>                                        <span class="added_button">En carrito</span>                                    <a class="white_button" title="Añadir a mi lista" href="javascript:addToListFromItemList('800409')" onclick="dataLayer.push({event: 'event_gtm',category:'acciones usuario', action:'a�adir producto a lista'});">Añadir a mi lista</a>                                </div>                    <a class="article_link" title="Ver ficha de ACEITE OLIVA CONDIS VIRGEN EXTRA ARBEQUINA 75 CL" href="/ACEITE-OLIVA-CONDIS-VIRGEN-EXTRA-ARBEQUINA-75-CL_800409_prd_es_ES.jsp" onclick="javascript:callingTaggingEnpoints('')" itemprop="url"></a>                <div class="hover_container">            <div class="hover">                <div class="info_symbol"></div>            </div>        </div>                    </article>            </li>                    <li class="article" itemprop="itemListElement" itemscope="" itemtype="http://schema.org/Product">                    <article class="article_container" id="item_description_110481">            <a class="article_name" title="Ver ficha de ACEITE VIRGEN EXTRA OLISCASTELLO ARBEQUINA 750 ML" href="/ACEITE-VIRGEN-EXTRA-OLISCASTELLO-ARBEQUINA-750-ML_110481_prd_es_ES.jsp" itemprop="url"><span itemprop="name" id="description_text">ACEITE VIRGEN EXTRA OLISCASTELLO ARBEQUINA 750 ML</span></a>            <!--informacion de gluten y calorias -->        <div class="info_container">                                                            <img class="info_icon" alt="10% Descuento para suscriptores Condisline Prime" src="//static.condisline.com/resize_39x39/images/product_icons/icon_subscription.png" width="39" height="39">                                            <a class="info" title="10% Descuento para suscriptores Condisline Prime" href="javascript:void(0);">                            <span class="info_text">10% Descuento para suscriptores Condisline Prime</span>                        </a>                                                        </div>        <img class="article_image" alt="ACEITE VIRGEN EXTRA OLISCASTELLO ARBEQUINA 750 ML" data-original="//static.condisline.com/resize_190x200/images/catalog/large/110481.jpg" src="//static.condisline.com/resize_190x200/images/catalog/large/110481.jpg" width="190" height="200" style="display: block;">        <meta itemprop="image" content="//static.condisline.com/resize_190x200/images/catalog/large/110481.jpg">        <div class="article_price_container" itemprop="offers" itemscope="" itemtype="http://schema.org/Offer">            <!-- Price -->                                            <span class="article_price" itemprop="price"><span id="list_price_110481">6,99</span></span>                <span class="currency">€</span>                <script>                    formatNumber('6.99', 'list_price_110481');                </script>                        <meta itemprop="priceCurrency" content="EUR">            <div class="unit_container">                                    <a class="substract_button" title="Menos" href="javascript:void(0);">-</a>                                <label class="quantity_container">                                                                        <input class="input_quantity_product" id="item_quantity_110481" type="number" data-product="110481" value="" min="1" max="999" required="" autocomplete="off">                                                            </label>                                    <a class="add_button" title="Más" href="javascript:void(0);">+</a>                    <a class="added_tick" title="Cambiar unidades" href="javascript:void(0);"></a>                            </div>                                                <div class="article_pum">                        <span>      9,32€/Litro</span>                    </div>                                                                            <a data-product-id="110481" class="orange_button btn_add2cart" title="Añadir al carrito" onclick="dataLayer.push({event: 'event_gtm',category:'acciones usuario', action:'a�adir producto desde listado'})" href="javascript:addToCartFromItemList('110481')">AÑADIR AL CARRITO &gt;</a>                                        <span class="added_button">En carrito</span>                                    <a class="white_button" title="Añadir a mi lista" href="javascript:addToListFromItemList('110481')" onclick="dataLayer.push({event: 'event_gtm',category:'acciones usuario', action:'a�adir producto a lista'});">Añadir a mi lista</a>                                </div>                    <a class="article_link" title="Ver ficha de ACEITE VIRGEN EXTRA OLISCASTELLO ARBEQUINA 750 ML" href="/ACEITE-VIRGEN-EXTRA-OLISCASTELLO-ARBEQUINA-750-ML_110481_prd_es_ES.jsp" onclick="javascript:callingTaggingEnpoints('')" itemprop="url"></a>                <div class="hover_container">            <div class="hover">                <div class="info_symbol"></div>            </div>        </div>                    </article>            </li>                    <li class="article" itemprop="itemListElement" itemscope="" itemtype="http://schema.org/Product">                    <article class="article_container" id="item_description_102138">            <a class="article_name" title="Ver ficha de ACEITE KOIPESOL GIRASOL 3 L" href="/ACEITE-KOIPESOL-GIRASOL-3-L_102138_prd_es_ES.jsp" itemprop="url"><span itemprop="name" id="description_text">ACEITE KOIPESOL GIRASOL 3 L</span></a>            <!--informacion de gluten y calorias -->        <div class="info_container">                            <span class="calories">900 <span>kcal</span></span>                <a class="info" title="Producto con 900 kilocalorías" href="javascript:void(0);">                    <span class="info_text">Producto con 900 kilocalorías.</span>                </a>                                                            <img class="info_icon" alt="10% Descuento para suscriptores Condisline Prime" src="//static.condisline.com/resize_39x39/images/product_icons/icon_subscription.png" width="39" height="39">                                            <a class="info" title="10% Descuento para suscriptores Condisline Prime" href="javascript:void(0);">                            <span class="info_text">10% Descuento para suscriptores Condisline Prime</span>                        </a>                                                        </div>        <img class="article_image" alt="ACEITE KOIPESOL GIRASOL 3 L" data-original="//static.condisline.com/resize_190x200/images/catalog/large/102138.jpg" src="//static.condisline.com/resize_190x200/images/catalog/large/102138.jpg" width="190" height="200" style="display: block;">        <meta itemprop="image" content="//static.condisline.com/resize_190x200/images/catalog/large/102138.jpg">        <div class="article_price_container" itemprop="offers" itemscope="" itemtype="http://schema.org/Offer">            <!-- Price -->                                            <span class="article_price" itemprop="price"><span id="list_price_102138">8,19</span></span>                <span class="currency">€</span>                <script>                    formatNumber('8.19', 'list_price_102138');                </script>                        <meta itemprop="priceCurrency" content="EUR">            <div class="unit_container">                                    <a class="substract_button" title="Menos" href="javascript:void(0);">-</a>                                <label class="quantity_container">                                                                        <input class="input_quantity_product" id="item_quantity_102138" type="number" data-product="102138" value="" min="1" max="999" required="" autocomplete="off">                                                            </label>                                    <a class="add_button" title="Más" href="javascript:void(0);">+</a>                    <a class="added_tick" title="Cambiar unidades" href="javascript:void(0);"></a>                            </div>                                                <div class="article_pum">                        <span>      2,73€/Litro</span>                    </div>                                                                            <a data-product-id="102138" class="orange_button btn_add2cart" title="Añadir al carrito" onclick="dataLayer.push({event: 'event_gtm',category:'acciones usuario', action:'a�adir producto desde listado'})" href="javascript:addToCartFromItemList('102138')">AÑADIR AL CARRITO &gt;</a>                                        <span class="added_button">En carrito</span>                                    <a class="white_button" title="Añadir a mi lista" href="javascript:addToListFromItemList('102138')" onclick="dataLayer.push({event: 'event_gtm',category:'acciones usuario', action:'a�adir producto a lista'});">Añadir a mi lista</a>                                </div>                    <a class="article_link" title="Ver ficha de ACEITE KOIPESOL GIRASOL 3 L" href="/ACEITE-KOIPESOL-GIRASOL-3-L_102138_prd_es_ES.jsp" onclick="javascript:callingTaggingEnpoints('')" itemprop="url"></a>                <div class="hover_container">            <div class="hover">                <div class="info_symbol"></div>            </div>        </div>                    </article>            </li>                    <li class="article" itemprop="itemListElement" itemscope="" itemtype="http://schema.org/Product">                    <article class="article_container" id="item_description_102166">            <a class="article_name" title="Ver ficha de ACEITE DE OLIVA BARGALLÓ VIRGEN EXTRA ARBEQUINA 750 ML" href="/ACEITE-DE-OLIVA-BARGALLO-VIRGEN-EXTRA-ARBEQUINA-750-ML_102166_prd_es_ES.jsp" itemprop="url"><span itemprop="name" id="description_text">ACEITE DE OLIVA BARGALLÓ VIRGEN EXTRA ARBEQUINA 750 ML</span></a>            <!--informacion de gluten y calorias -->        <div class="info_container">                            <span class="calories">900 <span>kcal</span></span>                <a class="info" title="Producto con 900 kilocalorías" href="javascript:void(0);">                    <span class="info_text">Producto con 900 kilocalorías.</span>                </a>                                                            <img class="info_icon" alt="10% Descuento para suscriptores Condisline Prime" src="//static.condisline.com/resize_39x39/images/product_icons/icon_subscription.png" width="39" height="39">                                            <a class="info" title="10% Descuento para suscriptores Condisline Prime" href="javascript:void(0);">                            <span class="info_text">10% Descuento para suscriptores Condisline Prime</span>                        </a>                                                        </div>        <img class="article_image" alt="ACEITE DE OLIVA BARGALLÓ VIRGEN EXTRA ARBEQUINA 750 ML" data-original="//static.condisline.com/resize_190x200/images/catalog/large/102166.jpg" src="//static.condisline.com/resize_190x200/images/catalog/large/102166.jpg" width="190" height="200" style="display: block;">        <meta itemprop="image" content="//static.condisline.com/resize_190x200/images/catalog/large/102166.jpg">        <div class="article_price_container" itemprop="offers" itemscope="" itemtype="http://schema.org/Offer">            <!-- Price -->                                            <span class="article_price" itemprop="price"><span id="list_price_102166">9,49</span></span>                <span class="currency">€</span>                <script>                    formatNumber('9.49', 'list_price_102166');                </script>                        <meta itemprop="priceCurrency" content="EUR">            <div class="unit_container">                                    <a class="substract_button" title="Menos" href="javascript:void(0);">-</a>                                <label class="quantity_container">                                                                        <input class="input_quantity_product" id="item_quantity_102166" type="number" data-product="102166" value="" min="1" max="999" required="" autocomplete="off">                                                            </label>                                    <a class="add_button" title="Más" href="javascript:void(0);">+</a>                    <a class="added_tick" title="Cambiar unidades" href="javascript:void(0);"></a>                            </div>                                                <div class="article_pum">                        <span>     12,65€/Litro</span>                    </div>                                                                            <a data-product-id="102166" class="orange_button btn_add2cart" title="Añadir al carrito" onclick="dataLayer.push({event: 'event_gtm',category:'acciones usuario', action:'a�adir producto desde listado'})" href="javascript:addToCartFromItemList('102166')">AÑADIR AL CARRITO &gt;</a>                                        <span class="added_button">En carrito</span>                                    <a class="white_button" title="Añadir a mi lista" href="javascript:addToListFromItemList('102166')" onclick="dataLayer.push({event: 'event_gtm',category:'acciones usuario', action:'a�adir producto a lista'});">Añadir a mi lista</a>                                </div>                    <a class="article_link" title="Ver ficha de ACEITE DE OLIVA BARGALLÓ VIRGEN EXTRA ARBEQUINA 750 ML" href="/ACEITE-DE-OLIVA-BARGALLO-VIRGEN-EXTRA-ARBEQUINA-750-ML_102166_prd_es_ES.jsp" onclick="javascript:callingTaggingEnpoints('')" itemprop="url"></a>                <div class="hover_container">            <div class="hover">                <div class="info_symbol"></div>            </div>        </div>                    </article>            </li>                    <li class="article" itemprop="itemListElement" itemscope="" itemtype="http://schema.org/Product">                    <article class="article_container" id="item_description_102079">            <a class="article_name" title="Ver ficha de ACEITE CARBONELL OLIVA 0.4º 3 L" href="/ACEITE-CARBONELL-OLIVA-0-4-3-L_102079_prd_es_ES.jsp" itemprop="url"><span itemprop="name" id="description_text">ACEITE CARBONELL OLIVA 0.4º 3 L</span></a>            <!--informacion de gluten y calorias -->        <div class="info_container">                            <span class="calories">900 <span>kcal</span></span>                <a class="info" title="Producto con 900 kilocalorías" href="javascript:void(0);">                    <span class="info_text">Producto con 900 kilocalorías.</span>                </a>                                                            <img class="info_icon" alt="10% Descuento para suscriptores Condisline Prime" src="//static.condisline.com/resize_39x39/images/product_icons/icon_subscription.png" width="39" height="39">                                            <a class="info" title="10% Descuento para suscriptores Condisline Prime" href="javascript:void(0);">                            <span class="info_text">10% Descuento para suscriptores Condisline Prime</span>                        </a>                                                        </div>        <img class="article_image" alt="ACEITE CARBONELL OLIVA 0.4º 3 L" data-original="//static.condisline.com/resize_190x200/images/catalog/large/102079.jpg" src="//static.condisline.com/resize_190x200/images/catalog/large/102079.jpg" width="190" height="200" style="display: block;">        <meta itemprop="image" content="//static.condisline.com/resize_190x200/images/catalog/large/102079.jpg">        <div class="article_price_container" itemprop="offers" itemscope="" itemtype="http://schema.org/Offer">            <!-- Price -->                                            <span class="article_price" itemprop="price"><span id="list_price_102079">18,45</span></span>                <span class="currency">€</span>                <script>                    formatNumber('18.45', 'list_price_102079');                </script>                        <meta itemprop="priceCurrency" content="EUR">            <div class="unit_container">                                    <a class="substract_button" title="Menos" href="javascript:void(0);">-</a>                                <label class="quantity_container">                                                                        <input class="input_quantity_product" id="item_quantity_102079" type="number" data-product="102079" value="" min="1" max="999" required="" autocomplete="off">                                                            </label>                                    <a class="add_button" title="Más" href="javascript:void(0);">+</a>                    <a class="added_tick" title="Cambiar unidades" href="javascript:void(0);"></a>                            </div>                                                <div class="article_pum">                        <span>      6,15€/Litro</span>                    </div>                                                                            <a data-product-id="102079" class="orange_button btn_add2cart" title="Añadir al carrito" onclick="dataLayer.push({event: 'event_gtm',category:'acciones usuario', action:'a�adir producto desde listado'})" href="javascript:addToCartFromItemList('102079')">AÑADIR AL CARRITO &gt;</a>                                        <span class="added_button">En carrito</span>                                    <a class="white_button" title="Añadir a mi lista" href="javascript:addToListFromItemList('102079')" onclick="dataLayer.push({event: 'event_gtm',category:'acciones usuario', action:'a�adir producto a lista'});">Añadir a mi lista</a>                                </div>                    <a class="article_link" title="Ver ficha de ACEITE CARBONELL OLIVA 0.4º 3 L" href="/ACEITE-CARBONELL-OLIVA-0-4-3-L_102079_prd_es_ES.jsp" onclick="javascript:callingTaggingEnpoints('')" itemprop="url"></a>                <div class="hover_container">            <div class="hover">                <div class="info_symbol"></div>            </div>        </div>                    </article>            </li>                    <li class="article" itemprop="itemListElement" itemscope="" itemtype="http://schema.org/Product">                    <article class="article_container" id="item_description_102408">            <a class="article_name" title="Ver ficha de ACEITE KOIPESOL GIRASOL 1 L" href="/ACEITE-KOIPESOL-GIRASOL-1-L_102408_prd_es_ES.jsp" itemprop="url"><span itemprop="name" id="description_text">ACEITE KOIPESOL GIRASOL 1 L</span></a>            <!--informacion de gluten y calorias -->        <div class="info_container">                            <span class="calories">900 <span>kcal</span></span>                <a class="info" title="Producto con 900 kilocalorías" href="javascript:void(0);">                    <span class="info_text">Producto con 900 kilocalorías.</span>                </a>                                                            <img class="info_icon" alt="10% Descuento para suscriptores Condisline Prime" src="//static.condisline.com/resize_39x39/images/product_icons/icon_subscription.png" width="39" height="39">                                            <a class="info" title="10% Descuento para suscriptores Condisline Prime" href="javascript:void(0);">                            <span class="info_text">10% Descuento para suscriptores Condisline Prime</span>                        </a>                                                        </div>        <img class="article_image" alt="ACEITE KOIPESOL GIRASOL 1 L" data-original="//static.condisline.com/resize_190x200/images/catalog/large/102408.jpg" src="//static.condisline.com/resize_190x200/images/catalog/large/102408.jpg" width="190" height="200" style="display: block;">        <meta itemprop="image" content="//static.condisline.com/resize_190x200/images/catalog/large/102408.jpg">        <div class="article_price_container" itemprop="offers" itemscope="" itemtype="http://schema.org/Offer">            <!-- Price -->                                            <span class="article_price" itemprop="price"><span id="list_price_102408">2,75</span></span>                <span class="currency">€</span>                <script>                    formatNumber('2.75', 'list_price_102408');                </script>                        <meta itemprop="priceCurrency" content="EUR">            <div class="unit_container">                                    <a class="substract_button" title="Menos" href="javascript:void(0);">-</a>                                <label class="quantity_container">                                                                        <input class="input_quantity_product" id="item_quantity_102408" type="number" data-product="102408" value="" min="1" max="999" required="" autocomplete="off">                                                            </label>                                    <a class="add_button" title="Más" href="javascript:void(0);">+</a>                    <a class="added_tick" title="Cambiar unidades" href="javascript:void(0);"></a>                            </div>                                                <div class="article_pum">                        <span>      2,75€/Litro</span>                    </div>                                                                            <a data-product-id="102408" class="orange_button btn_add2cart" title="Añadir al carrito" onclick="dataLayer.push({event: 'event_gtm',category:'acciones usuario', action:'a�adir producto desde listado'})" href="javascript:addToCartFromItemList('102408')">AÑADIR AL CARRITO &gt;</a>                                        <span class="added_button">En carrito</span>                                    <a class="white_button" title="Añadir a mi lista" href="javascript:addToListFromItemList('102408')" onclick="dataLayer.push({event: 'event_gtm',category:'acciones usuario', action:'a�adir producto a lista'});">Añadir a mi lista</a>                                </div>                    <a class="article_link" title="Ver ficha de ACEITE KOIPESOL GIRASOL 1 L" href="/ACEITE-KOIPESOL-GIRASOL-1-L_102408_prd_es_ES.jsp" onclick="javascript:callingTaggingEnpoints('')" itemprop="url"></a>                <div class="hover_container">            <div class="hover">                <div class="info_symbol"></div>            </div>        </div>                    </article>            </li>                    <li class="article" itemprop="itemListElement" itemscope="" itemtype="http://schema.org/Product">                    <article class="article_container" id="item_description_102243">            <a class="article_name" title="Ver ficha de ACEITE OLIVA FLOR DE OLIVO VIRGEN EXTRA 1 L" href="/ACEITE-OLIVA-FLOR-DE-OLIVO-VIRGEN-EXTRA-1-L_102243_prd_es_ES.jsp" itemprop="url"><span itemprop="name" id="description_text">ACEITE OLIVA FLOR DE OLIVO VIRGEN EXTRA 1 L</span></a>            <!--informacion de gluten y calorias -->        <div class="info_container">                            <span class="calories">822 <span>kcal</span></span>                <a class="info" title="Producto con 822 kilocalorías" href="javascript:void(0);">                    <span class="info_text">Producto con 822 kilocalorías.</span>                </a>                                                            <img class="info_icon" alt="10% Descuento para suscriptores Condisline Prime" src="//static.condisline.com/resize_39x39/images/product_icons/icon_subscription.png" width="39" height="39">                                            <a class="info" title="10% Descuento para suscriptores Condisline Prime" href="javascript:void(0);">                            <span class="info_text">10% Descuento para suscriptores Condisline Prime</span>                        </a>                                                        </div>        <img class="article_image" alt="ACEITE OLIVA FLOR DE OLIVO VIRGEN EXTRA 1 L" data-original="//static.condisline.com/resize_190x200/images/catalog/large/102243.jpg" src="//static.condisline.com/resize_190x200/images/catalog/large/102243.jpg" width="190" height="200" style="display: block;">        <meta itemprop="image" content="//static.condisline.com/resize_190x200/images/catalog/large/102243.jpg">        <div class="article_price_container" itemprop="offers" itemscope="" itemtype="http://schema.org/Offer">            <!-- Price -->                                            <span class="article_price" itemprop="price"><span id="list_price_102243">6,15</span></span>                <span class="currency">€</span>                <script>                    formatNumber('6.15', 'list_price_102243');                </script>                        <meta itemprop="priceCurrency" content="EUR">            <div class="unit_container">                                    <a class="substract_button" title="Menos" href="javascript:void(0);">-</a>                                <label class="quantity_container">                                                                        <input class="input_quantity_product" id="item_quantity_102243" type="number" data-product="102243" value="" min="1" max="999" required="" autocomplete="off">                                                            </label>                                    <a class="add_button" title="Más" href="javascript:void(0);">+</a>                    <a class="added_tick" title="Cambiar unidades" href="javascript:void(0);"></a>                            </div>                                                <div class="article_pum">                        <span>      6,15€/Litro</span>                    </div>                                                                            <a data-product-id="102243" class="orange_button btn_add2cart" title="Añadir al carrito" onclick="dataLayer.push({event: 'event_gtm',category:'acciones usuario', action:'a�adir producto desde listado'})" href="javascript:addToCartFromItemList('102243')">AÑADIR AL CARRITO &gt;</a>                                        <span class="added_button">En carrito</span>                                    <a class="white_button" title="Añadir a mi lista" href="javascript:addToListFromItemList('102243')" onclick="dataLayer.push({event: 'event_gtm',category:'acciones usuario', action:'a�adir producto a lista'});">Añadir a mi lista</a>                                </div>                    <a class="article_link" title="Ver ficha de ACEITE OLIVA FLOR DE OLIVO VIRGEN EXTRA 1 L" href="/ACEITE-OLIVA-FLOR-DE-OLIVO-VIRGEN-EXTRA-1-L_102243_prd_es_ES.jsp" onclick="javascript:callingTaggingEnpoints('')" itemprop="url"></a>                <div class="hover_container">            <div class="hover">                <div class="info_symbol"></div>            </div>        </div>                    </article>            </li>                    <li class="article" itemprop="itemListElement" itemscope="" itemtype="http://schema.org/Product">                    <article class="article_container" id="item_description_102118">            <a class="article_name" title="Ver ficha de ACEITE OLIVA 0.4 CARBONELL SPRAY ESPECIAL FREIDORA DE AIRE 200 ML" href="/ACEITE-OLIVA-0-4-CARBONELL-SPRAY-ESPECIAL-FREIDORA-DE-AIRE-200-ML_102118_prd_es_ES.jsp" itemprop="url"><span itemprop="name" id="description_text">ACEITE OLIVA 0.4 CARBONELL SPRAY ESPECIAL FREIDORA DE AIRE 200 ML</span></a>            <!--informacion de gluten y calorias -->        <div class="info_container">                            <span class="calories">900 <span>kcal</span></span>                <a class="info" title="Producto con 900 kilocalorías" href="javascript:void(0);">                    <span class="info_text">Producto con 900 kilocalorías.</span>                </a>                                                            <img class="info_icon" alt="10% Descuento para suscriptores Condisline Prime" src="//static.condisline.com/resize_39x39/images/product_icons/icon_subscription.png" width="39" height="39">                                            <a class="info" title="10% Descuento para suscriptores Condisline Prime" href="javascript:void(0);">                            <span class="info_text">10% Descuento para suscriptores Condisline Prime</span>                        </a>                                                        </div>        <img class="article_image" alt="ACEITE OLIVA 0.4 CARBONELL SPRAY ESPECIAL FREIDORA DE AIRE 200 ML" data-original="//static.condisline.com/resize_190x200/images/catalog/large/102118.jpg" src="//static.condisline.com/resize_190x200/images/catalog/large/102118.jpg" width="190" height="200" style="display: block;">        <meta itemprop="image" content="//static.condisline.com/resize_190x200/images/catalog/large/102118.jpg">        <div class="article_price_container" itemprop="offers" itemscope="" itemtype="http://schema.org/Offer">            <!-- Price -->                                            <span class="article_price" itemprop="price"><span id="list_price_102118">2,99</span></span>                <span class="currency">€</span>                <script>                    formatNumber('2.99', 'list_price_102118');                </script>                        <meta itemprop="priceCurrency" content="EUR">            <div class="unit_container">                                    <a class="substract_button" title="Menos" href="javascript:void(0);">-</a>                                <label class="quantity_container">                                                                        <input class="input_quantity_product" id="item_quantity_102118" type="number" data-product="102118" value="" min="1" max="999" required="" autocomplete="off">                                                            </label>                                    <a class="add_button" title="Más" href="javascript:void(0);">+</a>                    <a class="added_tick" title="Cambiar unidades" href="javascript:void(0);"></a>                            </div>                                                <div class="article_pum">                        <span>     14,95€/Litro</span>                    </div>                                                                            <a data-product-id="102118" class="orange_button btn_add2cart" title="Añadir al carrito" onclick="dataLayer.push({event: 'event_gtm',category:'acciones usuario', action:'a�adir producto desde listado'})" href="javascript:addToCartFromItemList('102118')">AÑADIR AL CARRITO &gt;</a>                                        <span class="added_button">En carrito</span>                                    <a class="white_button" title="Añadir a mi lista" href="javascript:addToListFromItemList('102118')" onclick="dataLayer.push({event: 'event_gtm',category:'acciones usuario', action:'a�adir producto a lista'});">Añadir a mi lista</a>                                </div>                    <a class="article_link" title="Ver ficha de ACEITE OLIVA 0.4 CARBONELL SPRAY ESPECIAL FREIDORA DE AIRE 200 ML" href="/ACEITE-OLIVA-0-4-CARBONELL-SPRAY-ESPECIAL-FREIDORA-DE-AIRE-200-ML_102118_prd_es_ES.jsp" onclick="javascript:callingTaggingEnpoints('')" itemprop="url"></a>                <div class="hover_container">            <div class="hover">                <div class="info_symbol"></div>            </div>        </div>                    </article>            </li>                    <li class="article" itemprop="itemListElement" itemscope="" itemtype="http://schema.org/Product">                    <article class="article_container" id="item_description_194521">            <a class="article_name" title="Ver ficha de SALSA FLORETTE FRUTOS ROJOS 250 ML" href="/SALSA-FLORETTE-FRUTOS-ROJOS-250-ML_194521_prd_es_ES.jsp" itemprop="url"><span itemprop="name" id="description_text">SALSA FLORETTE FRUTOS ROJOS 250 ML</span></a>            <!--informacion de gluten y calorias -->        <div class="info_container">                            <span class="calories">85 <span>kcal</span></span>                <a class="info" title="Producto con 85 kilocalorías" href="javascript:void(0);">                    <span class="info_text">Producto con 85 kilocalorías.</span>                </a>                                                            <img class="info_icon" alt="10% Descuento para suscriptores Condisline Prime" src="//static.condisline.com/resize_39x39/images/product_icons/icon_subscription.png" width="39" height="39">                                            <a class="info" title="10% Descuento para suscriptores Condisline Prime" href="javascript:void(0);">                            <span class="info_text">10% Descuento para suscriptores Condisline Prime</span>                        </a>                                                        </div>        <img class="article_image" alt="SALSA FLORETTE FRUTOS ROJOS 250 ML" data-original="//static.condisline.com/resize_190x200/images/catalog/large/194521.jpg" src="//static.condisline.com/resize_190x200/images/catalog/large/194521.jpg" width="190" height="200" style="display: block;">        <meta itemprop="image" content="//static.condisline.com/resize_190x200/images/catalog/large/194521.jpg">        <div class="article_price_container" itemprop="offers" itemscope="" itemtype="http://schema.org/Offer">            <!-- Price -->                                            <span class="article_price" itemprop="price"><span id="list_price_194521">2,25</span></span>                <span class="currency">€</span>                <script>                    formatNumber('2.25', 'list_price_194521');                </script>                        <meta itemprop="priceCurrency" content="EUR">            <div class="unit_container">                                    <a class="substract_button" title="Menos" href="javascript:void(0);">-</a>                                <label class="quantity_container">                                                                        <input class="input_quantity_product" id="item_quantity_194521" type="number" data-product="194521" value="" min="1" max="999" required="" autocomplete="off">                                                            </label>                                    <a class="add_button" title="Más" href="javascript:void(0);">+</a>                    <a class="added_tick" title="Cambiar unidades" href="javascript:void(0);"></a>                            </div>                                                <div class="article_pum">                        <span>      9,00€/Litro</span>                    </div>                                                                            <a data-product-id="194521" class="orange_button btn_add2cart" title="Añadir al carrito" onclick="dataLayer.push({event: 'event_gtm',category:'acciones usuario', action:'a�adir producto desde listado'})" href="javascript:addToCartFromItemList('194521')">AÑADIR AL CARRITO &gt;</a>                                        <span class="added_button">En carrito</span>                                    <a class="white_button" title="Añadir a mi lista" href="javascript:addToListFromItemList('194521')" onclick="dataLayer.push({event: 'event_gtm',category:'acciones usuario', action:'a�adir producto a lista'});">Añadir a mi lista</a>                                </div>                    <a class="article_link" title="Ver ficha de SALSA FLORETTE FRUTOS ROJOS 250 ML" href="/SALSA-FLORETTE-FRUTOS-ROJOS-250-ML_194521_prd_es_ES.jsp" onclick="javascript:callingTaggingEnpoints('')" itemprop="url"></a>                <div class="hover_container">            <div class="hover">                <div class="info_symbol"></div>            </div>        </div>                    </article>            </li>                    <li class="article" itemprop="itemListElement" itemscope="" itemtype="http://schema.org/Product">                    <article class="article_container" id="item_description_194174">            <a class="article_name" title="Ver ficha de SALSA FLORETTE CESAR 250 ML" href="/SALSA-FLORETTE-CESAR-250-ML_194174_prd_es_ES.jsp" itemprop="url"><span itemprop="name" id="description_text">SALSA FLORETTE CESAR 250 ML</span></a>            <!--informacion de gluten y calorias -->        <div class="info_container">                            <span class="calories">198 <span>kcal</span></span>                <a class="info" title="Producto con 198 kilocalorías" href="javascript:void(0);">                    <span class="info_text">Producto con 198 kilocalorías.</span>                </a>                                                            <img class="info_icon" alt="10% Descuento para suscriptores Condisline Prime" src="//static.condisline.com/resize_39x39/images/product_icons/icon_subscription.png" width="39" height="39">                                            <a class="info" title="10% Descuento para suscriptores Condisline Prime" href="javascript:void(0);">                            <span class="info_text">10% Descuento para suscriptores Condisline Prime</span>                        </a>                                                        </div>        <img class="article_image" alt="SALSA FLORETTE CESAR 250 ML" data-original="//static.condisline.com/resize_190x200/images/catalog/large/194174.jpg" src="//static.condisline.com/resize_190x200/images/catalog/large/194174.jpg" width="190" height="200" style="display: block;">        <meta itemprop="image" content="//static.condisline.com/resize_190x200/images/catalog/large/194174.jpg">        <div class="article_price_container" itemprop="offers" itemscope="" itemtype="http://schema.org/Offer">            <!-- Price -->                                            <span class="article_price" itemprop="price"><span id="list_price_194174">2,25</span></span>                <span class="currency">€</span>                <script>                    formatNumber('2.25', 'list_price_194174');                </script>                        <meta itemprop="priceCurrency" content="EUR">            <div class="unit_container">                                    <a class="substract_button" title="Menos" href="javascript:void(0);">-</a>                                <label class="quantity_container">                                                                        <input class="input_quantity_product" id="item_quantity_194174" type="number" data-product="194174" value="" min="1" max="999" required="" autocomplete="off">                                                            </label>                                    <a class="add_button" title="Más" href="javascript:void(0);">+</a>                    <a class="added_tick" title="Cambiar unidades" href="javascript:void(0);"></a>                            </div>                                                <div class="article_pum">                        <span>      9,00€/Litro</span>                    </div>                                                                            <a data-product-id="194174" class="orange_button btn_add2cart" title="Añadir al carrito" onclick="dataLayer.push({event: 'event_gtm',category:'acciones usuario', action:'a�adir producto desde listado'})" href="javascript:addToCartFromItemList('194174')">AÑADIR AL CARRITO &gt;</a>                                        <span class="added_button">En carrito</span>                                    <a class="white_button" title="Añadir a mi lista" href="javascript:addToListFromItemList('194174')" onclick="dataLayer.push({event: 'event_gtm',category:'acciones usuario', action:'a�adir producto a lista'});">Añadir a mi lista</a>                                </div>                    <a class="article_link" title="Ver ficha de SALSA FLORETTE CESAR 250 ML" href="/SALSA-FLORETTE-CESAR-250-ML_194174_prd_es_ES.jsp" onclick="javascript:callingTaggingEnpoints('')" itemprop="url"></a>                <div class="hover_container">            <div class="hover">                <div class="info_symbol"></div>            </div>        </div>                    </article>            </li>                    <li class="article" itemprop="itemListElement" itemscope="" itemtype="http://schema.org/Product">                    <article class="article_container" id="item_description_111043">            <a class="article_name" title="Ver ficha de CREMA BORGES BALSÁMICA FRAMBUESA 250 G" href="/CREMA-BORGES-BALSAMICA-FRAMBUESA-250-G_111043_prd_es_ES.jsp" itemprop="url"><span itemprop="name" id="description_text">CREMA BORGES BALSÁMICA FRAMBUESA 250 G</span></a>            <!--informacion de gluten y calorias -->        <div class="info_container">                            <span class="calories">153 <span>kcal</span></span>                <a class="info" title="Producto con 153 kilocalorías" href="javascript:void(0);">                    <span class="info_text">Producto con 153 kilocalorías.</span>                </a>                                                            <img class="info_icon" alt="10% Descuento para suscriptores Condisline Prime" src="//static.condisline.com/resize_39x39/images/product_icons/icon_subscription.png" width="39" height="39">                                            <a class="info" title="10% Descuento para suscriptores Condisline Prime" href="javascript:void(0);">                            <span class="info_text">10% Descuento para suscriptores Condisline Prime</span>                        </a>                                                        </div>        <img class="article_image" alt="CREMA BORGES BALSÁMICA FRAMBUESA 250 G" data-original="//static.condisline.com/resize_190x200/images/catalog/large/111043.jpg" src="//static.condisline.com/resize_190x200/images/catalog/large/111043.jpg" width="190" height="200" style="display: block;">        <meta itemprop="image" content="//static.condisline.com/resize_190x200/images/catalog/large/111043.jpg">        <div class="article_price_container" itemprop="offers" itemscope="" itemtype="http://schema.org/Offer">            <!-- Price -->                                            <span class="article_price" itemprop="price"><span id="list_price_111043">3,39</span></span>                <span class="currency">€</span>                <script>                    formatNumber('3.39', 'list_price_111043');                </script>                        <meta itemprop="priceCurrency" content="EUR">            <div class="unit_container">                                    <a class="substract_button" title="Menos" href="javascript:void(0);">-</a>                                <label class="quantity_container">                                                                        <input class="input_quantity_product" id="item_quantity_111043" type="number" data-product="111043" value="" min="1" max="999" required="" autocomplete="off">                                                            </label>                                    <a class="add_button" title="Más" href="javascript:void(0);">+</a>                    <a class="added_tick" title="Cambiar unidades" href="javascript:void(0);"></a>                            </div>                                                <div class="article_pum">                        <span>     13,56€/Litro</span>                    </div>                                                                            <a data-product-id="111043" class="orange_button btn_add2cart" title="Añadir al carrito" onclick="dataLayer.push({event: 'event_gtm',category:'acciones usuario', action:'a�adir producto desde listado'})" href="javascript:addToCartFromItemList('111043')">AÑADIR AL CARRITO &gt;</a>                                        <span class="added_button">En carrito</span>                                    <a class="white_button" title="Añadir a mi lista" href="javascript:addToListFromItemList('111043')" onclick="dataLayer.push({event: 'event_gtm',category:'acciones usuario', action:'a�adir producto a lista'});">Añadir a mi lista</a>                                </div>                    <a class="article_link" title="Ver ficha de CREMA BORGES BALSÁMICA FRAMBUESA 250 G" href="/CREMA-BORGES-BALSAMICA-FRAMBUESA-250-G_111043_prd_es_ES.jsp" onclick="javascript:callingTaggingEnpoints('')" itemprop="url"></a>                <div class="hover_container">            <div class="hover">                <div class="info_symbol"></div>            </div>        </div>                    </article>            </li>                    <li class="article" itemprop="itemListElement" itemscope="" itemtype="http://schema.org/Product">                    <article class="article_container" id="item_description_102245">            <a class="article_name" title="Ver ficha de ACEITE OLIVA FLOR DE OLIVO VIRGEN EXTRA CRISTAL 500 ML" href="/ACEITE-OLIVA-FLOR-DE-OLIVO-VIRGEN-EXTRA-CRISTAL-500-ML_102245_prd_es_ES.jsp" itemprop="url"><span itemprop="name" id="description_text">ACEITE OLIVA FLOR DE OLIVO VIRGEN EXTRA CRISTAL 500 ML</span></a>            <!--informacion de gluten y calorias -->        <div class="info_container">                                                            <img class="info_icon" alt="10% Descuento para suscriptores Condisline Prime" src="//static.condisline.com/resize_39x39/images/product_icons/icon_subscription.png" width="39" height="39">                                            <a class="info" title="10% Descuento para suscriptores Condisline Prime" href="javascript:void(0);">                            <span class="info_text">10% Descuento para suscriptores Condisline Prime</span>                        </a>                                                        </div>        <img class="article_image" alt="ACEITE OLIVA FLOR DE OLIVO VIRGEN EXTRA CRISTAL 500 ML" data-original="//static.condisline.com/resize_190x200/images/catalog/large/102245.jpg" src="//static.condisline.com/resize_190x200/images/catalog/large/102245.jpg" width="190" height="200" style="display: block;">        <meta itemprop="image" content="//static.condisline.com/resize_190x200/images/catalog/large/102245.jpg">        <div class="article_price_container" itemprop="offers" itemscope="" itemtype="http://schema.org/Offer">            <!-- Price -->                                            <span class="article_price" itemprop="price"><span id="list_price_102245">4,39</span></span>                <span class="currency">€</span>                <script>                    formatNumber('4.39', 'list_price_102245');                </script>                        <meta itemprop="priceCurrency" content="EUR">            <div class="unit_container">                                    <a class="substract_button" title="Menos" href="javascript:void(0);">-</a>                                <label class="quantity_container">                                                                        <input class="input_quantity_product" id="item_quantity_102245" type="number" data-product="102245" value="" min="1" max="999" required="" autocomplete="off">                                                            </label>                                    <a class="add_button" title="Más" href="javascript:void(0);">+</a>                    <a class="added_tick" title="Cambiar unidades" href="javascript:void(0);"></a>                            </div>                                                <div class="article_pum">                        <span>      8,78€/Litro</span>                    </div>                                                                            <a data-product-id="102245" class="orange_button btn_add2cart" title="Añadir al carrito" onclick="dataLayer.push({event: 'event_gtm',category:'acciones usuario', action:'a�adir producto desde listado'})" href="javascript:addToCartFromItemList('102245')">AÑADIR AL CARRITO &gt;</a>                                        <span class="added_button">En carrito</span>                                    <a class="white_button" title="Añadir a mi lista" href="javascript:addToListFromItemList('102245')" onclick="dataLayer.push({event: 'event_gtm',category:'acciones usuario', action:'a�adir producto a lista'});">Añadir a mi lista</a>                                </div>                    <a class="article_link" title="Ver ficha de ACEITE OLIVA FLOR DE OLIVO VIRGEN EXTRA CRISTAL 500 ML" href="/ACEITE-OLIVA-FLOR-DE-OLIVO-VIRGEN-EXTRA-CRISTAL-500-ML_102245_prd_es_ES.jsp" onclick="javascript:callingTaggingEnpoints('')" itemprop="url"></a>                <div class="hover_container">            <div class="hover">                <div class="info_symbol"></div>            </div>        </div>                    </article>            </li>                    <li class="article" itemprop="itemListElement" itemscope="" itemtype="http://schema.org/Product">                    <article class="article_container" id="item_description_102236">            <a class="article_name" title="Ver ficha de ACEITE BORGES CON PIMIENTA DE CAYENA Y ESPECIAS 200 ML" href="/ACEITE-BORGES-CON-PIMIENTA-DE-CAYENA-Y-ESPECIAS-200-ML_102236_prd_es_ES.jsp" itemprop="url"><span itemprop="name" id="description_text">ACEITE BORGES CON PIMIENTA DE CAYENA Y ESPECIAS 200 ML</span></a>            <!--informacion de gluten y calorias -->        <div class="info_container">                            <span class="calories">887 <span>kcal</span></span>                <a class="info" title="Producto con 887 kilocalorías" href="javascript:void(0);">                    <span class="info_text">Producto con 887 kilocalorías.</span>                </a>                                                            <img class="info_icon" alt="10% Descuento para suscriptores Condisline Prime" src="//static.condisline.com/resize_39x39/images/product_icons/icon_subscription.png" width="39" height="39">                                            <a class="info" title="10% Descuento para suscriptores Condisline Prime" href="javascript:void(0);">                            <span class="info_text">10% Descuento para suscriptores Condisline Prime</span>                        </a>                                                        </div>        <img class="article_image" alt="ACEITE BORGES CON PIMIENTA DE CAYENA Y ESPECIAS 200 ML" data-original="//static.condisline.com/resize_190x200/images/catalog/large/102236.jpg" src="//static.condisline.com/resize_190x200/images/catalog/large/102236.jpg" width="190" height="200" style="display: block;">        <meta itemprop="image" content="//static.condisline.com/resize_190x200/images/catalog/large/102236.jpg">        <div class="article_price_container" itemprop="offers" itemscope="" itemtype="http://schema.org/Offer">            <!-- Price -->                                            <span class="article_price" itemprop="price"><span id="list_price_102236">3,99</span></span>                <span class="currency">€</span>                <script>                    formatNumber('3.99', 'list_price_102236');                </script>                        <meta itemprop="priceCurrency" content="EUR">            <div class="unit_container">                                    <a class="substract_button" title="Menos" href="javascript:void(0);">-</a>                                <label class="quantity_container">                                                                        <input class="input_quantity_product" id="item_quantity_102236" type="number" data-product="102236" value="" min="1" max="999" required="" autocomplete="off">                                                            </label>                                    <a class="add_button" title="Más" href="javascript:void(0);">+</a>                    <a class="added_tick" title="Cambiar unidades" href="javascript:void(0);"></a>                            </div>                                                <div class="article_pum">                        <span>     19,95€/Litro</span>                    </div>                                                                            <a data-product-id="102236" class="orange_button btn_add2cart" title="Añadir al carrito" onclick="dataLayer.push({event: 'event_gtm',category:'acciones usuario', action:'a�adir producto desde listado'})" href="javascript:addToCartFromItemList('102236')">AÑADIR AL CARRITO &gt;</a>                                        <span class="added_button">En carrito</span>                                    <a class="white_button" title="Añadir a mi lista" href="javascript:addToListFromItemList('102236')" onclick="dataLayer.push({event: 'event_gtm',category:'acciones usuario', action:'a�adir producto a lista'});">Añadir a mi lista</a>                                </div>                    <a class="article_link" title="Ver ficha de ACEITE BORGES CON PIMIENTA DE CAYENA Y ESPECIAS 200 ML" href="/ACEITE-BORGES-CON-PIMIENTA-DE-CAYENA-Y-ESPECIAS-200-ML_102236_prd_es_ES.jsp" onclick="javascript:callingTaggingEnpoints('')" itemprop="url"></a>                <div class="hover_container">            <div class="hover">                <div class="info_symbol"></div>            </div>        </div>                    </article>            </li>                    <li class="article" itemprop="itemListElement" itemscope="" itemtype="http://schema.org/Product">                    <article class="article_container" id="item_description_102131">            <a class="article_name" title="Ver ficha de ACEITE OLEAURUM VIRGEN EXTRA D.O. SIURANA 750 ML" href="/ACEITE-OLEAURUM-VIRGEN-EXTRA-D-O-SIURANA-750-ML_102131_prd_es_ES.jsp" itemprop="url"><span itemprop="name" id="description_text">ACEITE OLEAURUM VIRGEN EXTRA D.O. SIURANA 750 ML</span></a>            <!--informacion de gluten y calorias -->        <div class="info_container">                                                            <img class="info_icon" alt="10% Descuento para suscriptores Condisline Prime" src="//static.condisline.com/resize_39x39/images/product_icons/icon_subscription.png" width="39" height="39">                                            <a class="info" title="10% Descuento para suscriptores Condisline Prime" href="javascript:void(0);">                            <span class="info_text">10% Descuento para suscriptores Condisline Prime</span>                        </a>                                                        </div>        <img class="article_image" alt="ACEITE OLEAURUM VIRGEN EXTRA D.O. SIURANA 750 ML" data-original="//static.condisline.com/resize_190x200/images/catalog/large/102131.jpg" src="//static.condisline.com/resize_190x200/images/catalog/large/102131.jpg" width="190" height="200" style="display: block;">        <meta itemprop="image" content="//static.condisline.com/resize_190x200/images/catalog/large/102131.jpg">        <div class="article_price_container" itemprop="offers" itemscope="" itemtype="http://schema.org/Offer">            <!-- Price -->                                            <span class="article_price" itemprop="price"><span id="list_price_102131">11,89</span></span>                <span class="currency">€</span>                <script>                    formatNumber('11.89', 'list_price_102131');                </script>                        <meta itemprop="priceCurrency" content="EUR">            <div class="unit_container">                                    <a class="substract_button" title="Menos" href="javascript:void(0);">-</a>                                <label class="quantity_container">                                                                        <input class="input_quantity_product" id="item_quantity_102131" type="number" data-product="102131" value="" min="1" max="999" required="" autocomplete="off">                                                            </label>                                    <a class="add_button" title="Más" href="javascript:void(0);">+</a>                    <a class="added_tick" title="Cambiar unidades" href="javascript:void(0);"></a>                            </div>                                                <div class="article_pum">                        <span>     15,85€/Litro</span>                    </div>                                                                            <a data-product-id="102131" class="orange_button btn_add2cart" title="Añadir al carrito" onclick="dataLayer.push({event: 'event_gtm',category:'acciones usuario', action:'a�adir producto desde listado'})" href="javascript:addToCartFromItemList('102131')">AÑADIR AL CARRITO &gt;</a>                                        <span class="added_button">En carrito</span>                                    <a class="white_button" title="Añadir a mi lista" href="javascript:addToListFromItemList('102131')" onclick="dataLayer.push({event: 'event_gtm',category:'acciones usuario', action:'a�adir producto a lista'});">Añadir a mi lista</a>                                </div>                    <a class="article_link" title="Ver ficha de ACEITE OLEAURUM VIRGEN EXTRA D.O. SIURANA 750 ML" href="/ACEITE-OLEAURUM-VIRGEN-EXTRA-D-O-SIURANA-750-ML_102131_prd_es_ES.jsp" onclick="javascript:callingTaggingEnpoints('')" itemprop="url"></a>                <div class="hover_container">            <div class="hover">                <div class="info_symbol"></div>            </div>        </div>                    </article>            </li>                    <li class="article" itemprop="itemListElement" itemscope="" itemtype="http://schema.org/Product">                    <article class="article_container" id="item_description_102091">            <a class="article_name" title="Ver ficha de ACEITE BORGES ALBAHACA FRESCA 200 ML" href="/ACEITE-BORGES-ALBAHACA-FRESCA-200-ML_102091_prd_es_ES.jsp" itemprop="url"><span itemprop="name" id="description_text">ACEITE BORGES ALBAHACA FRESCA 200 ML</span></a>            <!--informacion de gluten y calorias -->        <div class="info_container">                            <span class="calories">900 <span>kcal</span></span>                <a class="info" title="Producto con 900 kilocalorías" href="javascript:void(0);">                    <span class="info_text">Producto con 900 kilocalorías.</span>                </a>                                                            <img class="info_icon" alt="10% Descuento para suscriptores Condisline Prime" src="//static.condisline.com/resize_39x39/images/product_icons/icon_subscription.png" width="39" height="39">                                            <a class="info" title="10% Descuento para suscriptores Condisline Prime" href="javascript:void(0);">                            <span class="info_text">10% Descuento para suscriptores Condisline Prime</span>                        </a>                                                        </div>        <img class="article_image" alt="ACEITE BORGES ALBAHACA FRESCA 200 ML" data-original="//static.condisline.com/resize_190x200/images/catalog/large/102091.jpg" src="//static.condisline.com/resize_190x200/images/catalog/large/102091.jpg" width="190" height="200" style="display: block;">        <meta itemprop="image" content="//static.condisline.com/resize_190x200/images/catalog/large/102091.jpg">        <div class="article_price_container" itemprop="offers" itemscope="" itemtype="http://schema.org/Offer">            <!-- Price -->                                            <span class="article_price" itemprop="price"><span id="list_price_102091">3,99</span></span>                <span class="currency">€</span>                <script>                    formatNumber('3.99', 'list_price_102091');                </script>                        <meta itemprop="priceCurrency" content="EUR">            <div class="unit_container">                                    <a class="substract_button" title="Menos" href="javascript:void(0);">-</a>                                <label class="quantity_container">                                                                        <input class="input_quantity_product" id="item_quantity_102091" type="number" data-product="102091" value="" min="1" max="999" required="" autocomplete="off">                                                            </label>                                    <a class="add_button" title="Más" href="javascript:void(0);">+</a>                    <a class="added_tick" title="Cambiar unidades" href="javascript:void(0);"></a>                            </div>                                                <div class="article_pum">                        <span>     19,95€/Litro</span>                    </div>                                                                            <a data-product-id="102091" class="orange_button btn_add2cart" title="Añadir al carrito" onclick="dataLayer.push({event: 'event_gtm',category:'acciones usuario', action:'a�adir producto desde listado'})" href="javascript:addToCartFromItemList('102091')">AÑADIR AL CARRITO &gt;</a>                                        <span class="added_button">En carrito</span>                                    <a class="white_button" title="Añadir a mi lista" href="javascript:addToListFromItemList('102091')" onclick="dataLayer.push({event: 'event_gtm',category:'acciones usuario', action:'a�adir producto a lista'});">Añadir a mi lista</a>                                </div>                    <a class="article_link" title="Ver ficha de ACEITE BORGES ALBAHACA FRESCA 200 ML" href="/ACEITE-BORGES-ALBAHACA-FRESCA-200-ML_102091_prd_es_ES.jsp" onclick="javascript:callingTaggingEnpoints('')" itemprop="url"></a>                <div class="hover_container">            <div class="hover">                <div class="info_symbol"></div>            </div>        </div>                    </article>            </li>                    <li class="article" itemprop="itemListElement" itemscope="" itemtype="http://schema.org/Product">                    <article class="article_container" id="item_description_102269">            <a class="article_name" title="Ver ficha de ACEITE VIRGEN EXTRA BORGES ARBEQUINA 250 ML" href="/ACEITE-VIRGEN-EXTRA-BORGES-ARBEQUINA-250-ML_102269_prd_es_ES.jsp" itemprop="url"><span itemprop="name" id="description_text">ACEITE VIRGEN EXTRA BORGES ARBEQUINA 250 ML</span></a>            <!--informacion de gluten y calorias -->        <div class="info_container">                                                            <img class="info_icon" alt="10% Descuento para suscriptores Condisline Prime" src="//static.condisline.com/resize_39x39/images/product_icons/icon_subscription.png" width="39" height="39">                                            <a class="info" title="10% Descuento para suscriptores Condisline Prime" href="javascript:void(0);">                            <span class="info_text">10% Descuento para suscriptores Condisline Prime</span>                        </a>                                                        </div>        <img class="article_image" alt="ACEITE VIRGEN EXTRA BORGES ARBEQUINA 250 ML" data-original="//static.condisline.com/resize_190x200/images/catalog/large/102269.jpg" src="//static.condisline.com/resize_190x200/images/catalog/large/102269.jpg" width="190" height="200" style="display: block;">        <meta itemprop="image" content="//static.condisline.com/resize_190x200/images/catalog/large/102269.jpg">        <div class="article_price_container" itemprop="offers" itemscope="" itemtype="http://schema.org/Offer">            <!-- Price -->                                            <span class="article_price" itemprop="price"><span id="list_price_102269">3,10</span></span>                <span class="currency">€</span>                <script>                    formatNumber('3.1', 'list_price_102269');                </script>                        <meta itemprop="priceCurrency" content="EUR">            <div class="unit_container">                                    <a class="substract_button" title="Menos" href="javascript:void(0);">-</a>                                <label class="quantity_container">                                                                        <input class="input_quantity_product" id="item_quantity_102269" type="number" data-product="102269" value="" min="1" max="999" required="" autocomplete="off">                                                            </label>                                    <a class="add_button" title="Más" href="javascript:void(0);">+</a>                    <a class="added_tick" title="Cambiar unidades" href="javascript:void(0);"></a>                            </div>                                                <div class="article_pum">                        <span>     12,40€/Litro</span>                    </div>                                                                            <a data-product-id="102269" class="orange_button btn_add2cart" title="Añadir al carrito" onclick="dataLayer.push({event: 'event_gtm',category:'acciones usuario', action:'a�adir producto desde listado'})" href="javascript:addToCartFromItemList('102269')">AÑADIR AL CARRITO &gt;</a>                                        <span class="added_button">En carrito</span>                                    <a class="white_button" title="Añadir a mi lista" href="javascript:addToListFromItemList('102269')" onclick="dataLayer.push({event: 'event_gtm',category:'acciones usuario', action:'a�adir producto a lista'});">Añadir a mi lista</a>                                </div>                    <a class="article_link" title="Ver ficha de ACEITE VIRGEN EXTRA BORGES ARBEQUINA 250 ML" href="/ACEITE-VIRGEN-EXTRA-BORGES-ARBEQUINA-250-ML_102269_prd_es_ES.jsp" onclick="javascript:callingTaggingEnpoints('')" itemprop="url"></a>                <div class="hover_container">            <div class="hover">                <div class="info_symbol"></div>            </div>        </div>                    </article>            </li>                    <li class="article" itemprop="itemListElement" itemscope="" itemtype="http://schema.org/Product">                    <article class="article_container" id="item_description_194183">            <a class="article_name" title="Ver ficha de SALSA FLORETTE MÓDENA Y MIEL 250 ML" href="/SALSA-FLORETTE-MODENA-Y-MIEL-250-ML_194183_prd_es_ES.jsp" itemprop="url"><span itemprop="name" id="description_text">SALSA FLORETTE MÓDENA Y MIEL 250 ML</span></a>            <!--informacion de gluten y calorias -->        <div class="info_container">                            <span class="calories">75 <span>kcal</span></span>                <a class="info" title="Producto con 75 kilocalorías" href="javascript:void(0);">                    <span class="info_text">Producto con 75 kilocalorías.</span>                </a>                                                            <img class="info_icon" alt="10% Descuento para suscriptores Condisline Prime" src="//static.condisline.com/resize_39x39/images/product_icons/icon_subscription.png" width="39" height="39">                                            <a class="info" title="10% Descuento para suscriptores Condisline Prime" href="javascript:void(0);">                            <span class="info_text">10% Descuento para suscriptores Condisline Prime</span>                        </a>                                                        </div>        <img class="article_image" alt="SALSA FLORETTE MÓDENA Y MIEL 250 ML" data-original="//static.condisline.com/resize_190x200/images/catalog/large/194183.jpg" src="//static.condisline.com/resize_190x200/images/catalog/large/194183.jpg" width="190" height="200" style="display: block;">        <meta itemprop="image" content="//static.condisline.com/resize_190x200/images/catalog/large/194183.jpg">        <div class="article_price_container" itemprop="offers" itemscope="" itemtype="http://schema.org/Offer">            <!-- Price -->                                            <span class="article_price" itemprop="price"><span id="list_price_194183">2,25</span></span>                <span class="currency">€</span>                <script>                    formatNumber('2.25', 'list_price_194183');                </script>                        <meta itemprop="priceCurrency" content="EUR">            <div class="unit_container">                                    <a class="substract_button" title="Menos" href="javascript:void(0);">-</a>                                <label class="quantity_container">                                                                        <input class="input_quantity_product" id="item_quantity_194183" type="number" data-product="194183" value="" min="1" max="999" required="" autocomplete="off">                                                            </label>                                    <a class="add_button" title="Más" href="javascript:void(0);">+</a>                    <a class="added_tick" title="Cambiar unidades" href="javascript:void(0);"></a>                            </div>                                                <div class="article_pum">                        <span>      9,00€/Litro</span>                    </div>                                                                            <a data-product-id="194183" class="orange_button btn_add2cart" title="Añadir al carrito" onclick="dataLayer.push({event: 'event_gtm',category:'acciones usuario', action:'a�adir producto desde listado'})" href="javascript:addToCartFromItemList('194183')">AÑADIR AL CARRITO &gt;</a>                                        <span class="added_button">En carrito</span>                                    <a class="white_button" title="Añadir a mi lista" href="javascript:addToListFromItemList('194183')" onclick="dataLayer.push({event: 'event_gtm',category:'acciones usuario', action:'a�adir producto a lista'});">Añadir a mi lista</a>                                </div>                    <a class="article_link" title="Ver ficha de SALSA FLORETTE MÓDENA Y MIEL 250 ML" href="/SALSA-FLORETTE-MODENA-Y-MIEL-250-ML_194183_prd_es_ES.jsp" onclick="javascript:callingTaggingEnpoints('')" itemprop="url"></a>                <div class="hover_container">            <div class="hover">                <div class="info_symbol"></div>            </div>        </div>                    </article>            </li>                    <li class="article" itemprop="itemListElement" itemscope="" itemtype="http://schema.org/Product">                    <article class="article_container" id="item_description_102208">            <a class="article_name" title="Ver ficha de ACEITE FONTASOL GIRASOL 1 L" href="/ACEITE-FONTASOL-GIRASOL-1-L_102208_prd_es_ES.jsp" itemprop="url"><span itemprop="name" id="description_text">ACEITE FONTASOL GIRASOL 1 L</span></a>            <!--informacion de gluten y calorias -->        <div class="info_container">                                                            <img class="info_icon" alt="10% Descuento para suscriptores Condisline Prime" src="//static.condisline.com/resize_39x39/images/product_icons/icon_subscription.png" width="39" height="39">                                            <a class="info" title="10% Descuento para suscriptores Condisline Prime" href="javascript:void(0);">                            <span class="info_text">10% Descuento para suscriptores Condisline Prime</span>                        </a>                                                        </div>        <img class="article_image" alt="ACEITE FONTASOL GIRASOL 1 L" data-original="//static.condisline.com/resize_190x200/images/catalog/large/102208.jpg" src="//static.condisline.com/resize_190x200/images/catalog/large/102208.jpg" width="190" height="200" style="display: block;">        <meta itemprop="image" content="//static.condisline.com/resize_190x200/images/catalog/large/102208.jpg">        <div class="article_price_container" itemprop="offers" itemscope="" itemtype="http://schema.org/Offer">            <!-- Price -->                                            <span class="article_price" itemprop="price"><span id="list_price_102208">1,99</span></span>                <span class="currency">€</span>                <script>                    formatNumber('1.99', 'list_price_102208');                </script>                        <meta itemprop="priceCurrency" content="EUR">            <div class="unit_container">                                    <a class="substract_button" title="Menos" href="javascript:void(0);">-</a>                                <label class="quantity_container">                                                                        <input class="input_quantity_product" id="item_quantity_102208" type="number" data-product="102208" value="" min="1" max="999" required="" autocomplete="off">                                                            </label>                                    <a class="add_button" title="Más" href="javascript:void(0);">+</a>                    <a class="added_tick" title="Cambiar unidades" href="javascript:void(0);"></a>                            </div>                                                <div class="article_pum">                        <span>      1,99€/Litro</span>                    </div>                                                                            <a data-product-id="102208" class="orange_button btn_add2cart" title="Añadir al carrito" onclick="dataLayer.push({event: 'event_gtm',category:'acciones usuario', action:'a�adir producto desde listado'})" href="javascript:addToCartFromItemList('102208')">AÑADIR AL CARRITO &gt;</a>                                        <span class="added_button">En carrito</span>                                    <a class="white_button" title="Añadir a mi lista" href="javascript:addToListFromItemList('102208')" onclick="dataLayer.push({event: 'event_gtm',category:'acciones usuario', action:'a�adir producto a lista'});">Añadir a mi lista</a>                                </div>                    <a class="article_link" title="Ver ficha de ACEITE FONTASOL GIRASOL 1 L" href="/ACEITE-FONTASOL-GIRASOL-1-L_102208_prd_es_ES.jsp" onclick="javascript:callingTaggingEnpoints('')" itemprop="url"></a>                <div class="hover_container">            <div class="hover">                <div class="info_symbol"></div>            </div>        </div>                    </article>            </li>        <!--    </ul> --><!--    <ul id="carousel_articles" class="articles_list" itemscope="" itemtype="http://schema.org/ItemList"> -->                    <li class="article" itemprop="itemListElement" itemscope="" itemtype="http://schema.org/Product">                    <article class="article_container" id="item_description_110544">            <a class="article_name" title="Ver ficha de ACEITE VIRGEN EXTRA OLI CASTELLO HOJIBLANCA 1 L" href="/ACEITE-VIRGEN-EXTRA-OLI-CASTELLO-HOJIBLANCA-1-L_110544_prd_es_ES.jsp" itemprop="url"><span itemprop="name" id="description_text">ACEITE VIRGEN EXTRA OLI CASTELLO HOJIBLANCA 1 L</span></a>            <!--informacion de gluten y calorias -->        <div class="info_container">                                                            <img class="info_icon" alt="10% Descuento para suscriptores Condisline Prime" src="//static.condisline.com/resize_39x39/images/product_icons/icon_subscription.png" width="39" height="39">                                            <a class="info" title="10% Descuento para suscriptores Condisline Prime" href="javascript:void(0);">                            <span class="info_text">10% Descuento para suscriptores Condisline Prime</span>                        </a>                                                        </div>        <img class="article_image" alt="ACEITE VIRGEN EXTRA OLI CASTELLO HOJIBLANCA 1 L" data-original="//static.condisline.com/resize_190x200/images/catalog/large/110544.jpg" src="//static.condisline.com/resize_190x200/images/catalog/large/110544.jpg" width="190" height="200" style="display: block;">        <meta itemprop="image" content="//static.condisline.com/resize_190x200/images/catalog/large/110544.jpg">        <div class="article_price_container" itemprop="offers" itemscope="" itemtype="http://schema.org/Offer">            <!-- Price -->                                            <span class="article_price" itemprop="price"><span id="list_price_110544">8,99</span></span>                <span class="currency">€</span>                <script>                    formatNumber('8.99', 'list_price_110544');                </script>                        <meta itemprop="priceCurrency" content="EUR">            <div class="unit_container">                                    <a class="substract_button" title="Menos" href="javascript:void(0);">-</a>                                <label class="quantity_container">                                                                        <input class="input_quantity_product" id="item_quantity_110544" type="number" data-product="110544" value="" min="1" max="999" required="" autocomplete="off">                                                            </label>                                    <a class="add_button" title="Más" href="javascript:void(0);">+</a>                    <a class="added_tick" title="Cambiar unidades" href="javascript:void(0);"></a>                            </div>                                                <div class="article_pum">                        <span>      8,99€/Litro</span>                    </div>                                                                            <a data-product-id="110544" class="orange_button btn_add2cart" title="Añadir al carrito" onclick="dataLayer.push({event: 'event_gtm',category:'acciones usuario', action:'a�adir producto desde listado'})" href="javascript:addToCartFromItemList('110544')">AÑADIR AL CARRITO &gt;</a>                                        <span class="added_button">En carrito</span>                                    <a class="white_button" title="Añadir a mi lista" href="javascript:addToListFromItemList('110544')" onclick="dataLayer.push({event: 'event_gtm',category:'acciones usuario', action:'a�adir producto a lista'});">Añadir a mi lista</a>                                </div>                    <a class="article_link" title="Ver ficha de ACEITE VIRGEN EXTRA OLI CASTELLO HOJIBLANCA 1 L" href="/ACEITE-VIRGEN-EXTRA-OLI-CASTELLO-HOJIBLANCA-1-L_110544_prd_es_ES.jsp" onclick="javascript:callingTaggingEnpoints('')" itemprop="url"></a>                <div class="hover_container">            <div class="hover">                <div class="info_symbol"></div>            </div>        </div>                    </article>            </li>                    <li class="article" itemprop="itemListElement" itemscope="" itemtype="http://schema.org/Product">                    <article class="article_container" id="item_description_102218">            <a class="article_name" title="Ver ficha de ACEITE FONTOLIVA ORUJO 1 L" href="/ACEITE-FONTOLIVA-ORUJO-1-L_102218_prd_es_ES.jsp" itemprop="url"><span itemprop="name" id="description_text">ACEITE FONTOLIVA ORUJO 1 L</span></a>            <!--informacion de gluten y calorias -->        <div class="info_container">                                                            <img class="info_icon" alt="10% Descuento para suscriptores Condisline Prime" src="//static.condisline.com/resize_39x39/images/product_icons/icon_subscription.png" width="39" height="39">                                            <a class="info" title="10% Descuento para suscriptores Condisline Prime" href="javascript:void(0);">                            <span class="info_text">10% Descuento para suscriptores Condisline Prime</span>                        </a>                                                        </div>        <img class="article_image" alt="ACEITE FONTOLIVA ORUJO 1 L" data-original="//static.condisline.com/resize_190x200/images/catalog/large/102218.jpg" src="//static.condisline.com/resize_190x200/images/catalog/large/102218.jpg" width="190" height="200" style="display: block;">        <meta itemprop="image" content="//static.condisline.com/resize_190x200/images/catalog/large/102218.jpg">        <div class="article_price_container" itemprop="offers" itemscope="" itemtype="http://schema.org/Offer">            <!-- Price -->                                            <span class="article_price" itemprop="price"><span id="list_price_102218">3,29</span></span>                <span class="currency">€</span>                <script>                    formatNumber('3.29', 'list_price_102218');                </script>                        <meta itemprop="priceCurrency" content="EUR">            <div class="unit_container">                                    <a class="substract_button" title="Menos" href="javascript:void(0);">-</a>                                <label class="quantity_container">                                                                        <input class="input_quantity_product" id="item_quantity_102218" type="number" data-product="102218" value="" min="1" max="999" required="" autocomplete="off">                                                            </label>                                    <a class="add_button" title="Más" href="javascript:void(0);">+</a>                    <a class="added_tick" title="Cambiar unidades" href="javascript:void(0);"></a>                            </div>                                                <div class="article_pum">                        <span>      3,29€/Litro</span>                    </div>                                                                            <a data-product-id="102218" class="orange_button btn_add2cart" title="Añadir al carrito" onclick="dataLayer.push({event: 'event_gtm',category:'acciones usuario', action:'a�adir producto desde listado'})" href="javascript:addToCartFromItemList('102218')">AÑADIR AL CARRITO &gt;</a>                                        <span class="added_button">En carrito</span>                                    <a class="white_button" title="Añadir a mi lista" href="javascript:addToListFromItemList('102218')" onclick="dataLayer.push({event: 'event_gtm',category:'acciones usuario', action:'a�adir producto a lista'});">Añadir a mi lista</a>                                </div>                    <a class="article_link" title="Ver ficha de ACEITE FONTOLIVA ORUJO 1 L" href="/ACEITE-FONTOLIVA-ORUJO-1-L_102218_prd_es_ES.jsp" onclick="javascript:callingTaggingEnpoints('')" itemprop="url"></a>                <div class="hover_container">            <div class="hover">                <div class="info_symbol"></div>            </div>        </div>                    </article>            </li>                    <li class="article" itemprop="itemListElement" itemscope="" itemtype="http://schema.org/Product">                    <article class="article_container" id="item_description_533251">            <a class="article_name" title="Ver ficha de ZUMO LIMASOL LIMA 280 ML" href="/ZUMO-LIMASOL-LIMA-280-ML_533251_prd_es_ES.jsp" itemprop="url"><span itemprop="name" id="description_text">ZUMO LIMASOL LIMA 280 ML</span></a>            <!--informacion de gluten y calorias -->        <div class="info_container">                                                            <img class="info_icon" alt="10% Descuento para suscriptores Condisline Prime" src="//static.condisline.com/resize_39x39/images/product_icons/icon_subscription.png" width="39" height="39">                                            <a class="info" title="10% Descuento para suscriptores Condisline Prime" href="javascript:void(0);">                            <span class="info_text">10% Descuento para suscriptores Condisline Prime</span>                        </a>                                                        </div>        <img class="article_image" alt="ZUMO LIMASOL LIMA 280 ML" data-original="//static.condisline.com/resize_190x200/images/catalog/large/533251.jpg" src="//static.condisline.com/resize_190x200/images/catalog/large/533251.jpg" width="190" height="200" style="display: block;">        <meta itemprop="image" content="//static.condisline.com/resize_190x200/images/catalog/large/533251.jpg">        <div class="article_price_container" itemprop="offers" itemscope="" itemtype="http://schema.org/Offer">            <!-- Price -->                                            <span class="article_price" itemprop="price"><span id="list_price_533251">1,49</span></span>                <span class="currency">€</span>                <script>                    formatNumber('1.49', 'list_price_533251');                </script>                        <meta itemprop="priceCurrency" content="EUR">            <div class="unit_container">                                    <a class="substract_button" title="Menos" href="javascript:void(0);">-</a>                                <label class="quantity_container">                                                                        <input class="input_quantity_product" id="item_quantity_533251" type="number" data-product="533251" value="" min="1" max="999" required="" autocomplete="off">                                                            </label>                                    <a class="add_button" title="Más" href="javascript:void(0);">+</a>                    <a class="added_tick" title="Cambiar unidades" href="javascript:void(0);"></a>                            </div>                                                <div class="article_pum">                        <span>      5,32€/Litro</span>                    </div>                                                                            <a data-product-id="533251" class="orange_button btn_add2cart" title="Añadir al carrito" onclick="dataLayer.push({event: 'event_gtm',category:'acciones usuario', action:'a�adir producto desde listado'})" href="javascript:addToCartFromItemList('533251')">AÑADIR AL CARRITO &gt;</a>                                        <span class="added_button">En carrito</span>                                    <a class="white_button" title="Añadir a mi lista" href="javascript:addToListFromItemList('533251')" onclick="dataLayer.push({event: 'event_gtm',category:'acciones usuario', action:'a�adir producto a lista'});">Añadir a mi lista</a>                                </div>                    <a class="article_link" title="Ver ficha de ZUMO LIMASOL LIMA 280 ML" href="/ZUMO-LIMASOL-LIMA-280-ML_533251_prd_es_ES.jsp" onclick="javascript:callingTaggingEnpoints('')" itemprop="url"></a>                <div class="hover_container">            <div class="hover">                <div class="info_symbol"></div>            </div>        </div>                    </article>            </li>                    <li class="article" itemprop="itemListElement" itemscope="" itemtype="http://schema.org/Product">                    <article class="article_container" id="item_description_102270">            <a class="article_name" title="Ver ficha de ACEITE VIRGEN EXTRA CAPRICHO ANDALUZ MONODOSIS 10 UNIDADES X 10 ML" href="/ACEITE-VIRGEN-EXTRA-CAPRICHO-ANDALUZ-MONODOSIS-10-UNIDADES-X-10-ML_102270_prd_es_ES.jsp" itemprop="url"><span itemprop="name" id="description_text">ACEITE VIRGEN EXTRA CAPRICHO ANDALUZ MONODOSIS 10 UNIDADES X 10 ML</span></a>            <!--informacion de gluten y calorias -->        <div class="info_container">                                                            <img class="info_icon" alt="10% Descuento para suscriptores Condisline Prime" src="//static.condisline.com/resize_39x39/images/product_icons/icon_subscription.png" width="39" height="39">                                            <a class="info" title="10% Descuento para suscriptores Condisline Prime" href="javascript:void(0);">                            <span class="info_text">10% Descuento para suscriptores Condisline Prime</span>                        </a>                                                        </div>        <img class="article_image" alt="ACEITE VIRGEN EXTRA CAPRICHO ANDALUZ MONODOSIS 10 UNIDADES X 10 ML" data-original="//static.condisline.com/resize_190x200/images/catalog/large/102270.jpg" src="//static.condisline.com/resize_190x200/images/catalog/large/102270.jpg" width="190" height="200" style="display: block;">        <meta itemprop="image" content="//static.condisline.com/resize_190x200/images/catalog/large/102270.jpg">        <div class="article_price_container" itemprop="offers" itemscope="" itemtype="http://schema.org/Offer">            <!-- Price -->                                            <span class="article_price" itemprop="price"><span id="list_price_102270">2,39</span></span>                <span class="currency">€</span>                <script>                    formatNumber('2.39', 'list_price_102270');                </script>                        <meta itemprop="priceCurrency" content="EUR">            <div class="unit_container">                                    <a class="substract_button" title="Menos" href="javascript:void(0);">-</a>                                <label class="quantity_container">                                                                        <input class="input_quantity_product" id="item_quantity_102270" type="number" data-product="102270" value="" min="1" max="999" required="" autocomplete="off">                                                            </label>                                    <a class="add_button" title="Más" href="javascript:void(0);">+</a>                    <a class="added_tick" title="Cambiar unidades" href="javascript:void(0);"></a>                            </div>                                                <div class="article_pum">                        <span>     23,90€/Litro</span>                    </div>                                                                            <a data-product-id="102270" class="orange_button btn_add2cart" title="Añadir al carrito" onclick="dataLayer.push({event: 'event_gtm',category:'acciones usuario', action:'a�adir producto desde listado'})" href="javascript:addToCartFromItemList('102270')">AÑADIR AL CARRITO &gt;</a>                                        <span class="added_button">En carrito</span>                                    <a class="white_button" title="Añadir a mi lista" href="javascript:addToListFromItemList('102270')" onclick="dataLayer.push({event: 'event_gtm',category:'acciones usuario', action:'a�adir producto a lista'});">Añadir a mi lista</a>                                </div>                    <a class="article_link" title="Ver ficha de ACEITE VIRGEN EXTRA CAPRICHO ANDALUZ MONODOSIS 10 UNIDADES X 10 ML" href="/ACEITE-VIRGEN-EXTRA-CAPRICHO-ANDALUZ-MONODOSIS-10-UNIDADES-X-10-ML_102270_prd_es_ES.jsp" onclick="javascript:callingTaggingEnpoints('')" itemprop="url"></a>                <div class="hover_container">            <div class="hover">                <div class="info_symbol"></div>            </div>        </div>                    </article>            </li>                    <li class="article" itemprop="itemListElement" itemscope="" itemtype="http://schema.org/Product">                    <article class="article_container" id="item_description_111090">            <a class="article_name" title="Ver ficha de CREMA BALSÁMICA BORGES TRUFA 250 ML" href="/CREMA-BALSAMICA-BORGES-TRUFA-250-ML_111090_prd_es_ES.jsp" itemprop="url"><span itemprop="name" id="description_text">CREMA BALSÁMICA BORGES TRUFA 250 ML</span></a>            <!--informacion de gluten y calorias -->        <div class="info_container">                            <span class="calories">153 <span>kcal</span></span>                <a class="info" title="Producto con 153 kilocalorías" href="javascript:void(0);">                    <span class="info_text">Producto con 153 kilocalorías.</span>                </a>                                                            <img class="info_icon" alt="10% Descuento para suscriptores Condisline Prime" src="//static.condisline.com/resize_39x39/images/product_icons/icon_subscription.png" width="39" height="39">                                            <a class="info" title="10% Descuento para suscriptores Condisline Prime" href="javascript:void(0);">                            <span class="info_text">10% Descuento para suscriptores Condisline Prime</span>                        </a>                                                        </div>        <img class="article_image" alt="CREMA BALSÁMICA BORGES TRUFA 250 ML" data-original="//static.condisline.com/resize_190x200/images/catalog/large/111090.jpg" src="//static.condisline.com/resize_190x200/images/catalog/large/111090.jpg" width="190" height="200" style="display: block;">        <meta itemprop="image" content="//static.condisline.com/resize_190x200/images/catalog/large/111090.jpg">        <div class="article_price_container" itemprop="offers" itemscope="" itemtype="http://schema.org/Offer">            <!-- Price -->                                            <span class="article_price" itemprop="price"><span id="list_price_111090">3,39</span></span>                <span class="currency">€</span>                <script>                    formatNumber('3.39', 'list_price_111090');                </script>                        <meta itemprop="priceCurrency" content="EUR">            <div class="unit_container">                                    <a class="substract_button" title="Menos" href="javascript:void(0);">-</a>                                <label class="quantity_container">                                                                        <input class="input_quantity_product" id="item_quantity_111090" type="number" data-product="111090" value="" min="1" max="999" required="" autocomplete="off">                                                            </label>                                    <a class="add_button" title="Más" href="javascript:void(0);">+</a>                    <a class="added_tick" title="Cambiar unidades" href="javascript:void(0);"></a>                            </div>                                                <div class="article_pum">                        <span>     13,56€/Litro</span>                    </div>                                                                            <a data-product-id="111090" class="orange_button btn_add2cart" title="Añadir al carrito" onclick="dataLayer.push({event: 'event_gtm',category:'acciones usuario', action:'a�adir producto desde listado'})" href="javascript:addToCartFromItemList('111090')">AÑADIR AL CARRITO &gt;</a>                                        <span class="added_button">En carrito</span>                                    <a class="white_button" title="Añadir a mi lista" href="javascript:addToListFromItemList('111090')" onclick="dataLayer.push({event: 'event_gtm',category:'acciones usuario', action:'a�adir producto a lista'});">Añadir a mi lista</a>                                </div>                    <a class="article_link" title="Ver ficha de CREMA BALSÁMICA BORGES TRUFA 250 ML" href="/CREMA-BALSAMICA-BORGES-TRUFA-250-ML_111090_prd_es_ES.jsp" onclick="javascript:callingTaggingEnpoints('')" itemprop="url"></a>                <div class="hover_container">            <div class="hover">                <div class="info_symbol"></div>            </div>        </div>                    </article>            </li>                    <li class="article" itemprop="itemListElement" itemscope="" itemtype="http://schema.org/Product">                    <article class="article_container" id="item_description_194518">            <a class="article_name" title="Ver ficha de ALIÑO SURINVER AJO Y PEREJIL 140 G" href="/ALINO-SURINVER-AJO-Y-PEREJIL-140-G_194518_prd_es_ES.jsp" itemprop="url"><span itemprop="name" id="description_text">ALIÑO SURINVER AJO Y PEREJIL 140 G</span></a>            <!--informacion de gluten y calorias -->        <div class="info_container">                            <span class="calories">682 <span>kcal</span></span>                <a class="info" title="Producto con 682 kilocalorías" href="javascript:void(0);">                    <span class="info_text">Producto con 682 kilocalorías.</span>                </a>                                                            <img class="info_icon" alt="10% Descuento para suscriptores Condisline Prime" src="//static.condisline.com/resize_39x39/images/product_icons/icon_subscription.png" width="39" height="39">                                            <a class="info" title="10% Descuento para suscriptores Condisline Prime" href="javascript:void(0);">                            <span class="info_text">10% Descuento para suscriptores Condisline Prime</span>                        </a>                                                        </div>        <img class="article_image" alt="ALIÑO SURINVER AJO Y PEREJIL 140 G" data-original="//static.condisline.com/resize_190x200/images/catalog/large/194518.jpg" src="//static.condisline.com/resize_190x200/images/catalog/large/194518.jpg" width="190" height="200" style="display: block;">        <meta itemprop="image" content="//static.condisline.com/resize_190x200/images/catalog/large/194518.jpg">        <div class="article_price_container" itemprop="offers" itemscope="" itemtype="http://schema.org/Offer">            <!-- Price -->                                            <span class="article_price" itemprop="price"><span id="list_price_194518">1,99</span></span>                <span class="currency">€</span>                <script>                    formatNumber('1.99', 'list_price_194518');                </script>                        <meta itemprop="priceCurrency" content="EUR">            <div class="unit_container">                                    <a class="substract_button" title="Menos" href="javascript:void(0);">-</a>                                <label class="quantity_container">                                                                        <input class="input_quantity_product" id="item_quantity_194518" type="number" data-product="194518" value="" min="1" max="999" required="" autocomplete="off">                                                            </label>                                    <a class="add_button" title="Más" href="javascript:void(0);">+</a>                    <a class="added_tick" title="Cambiar unidades" href="javascript:void(0);"></a>                            </div>                                                <div class="article_pum">                        <span>     14,21€/Kilo</span>                    </div>                                                                            <a data-product-id="194518" class="orange_button btn_add2cart" title="Añadir al carrito" onclick="dataLayer.push({event: 'event_gtm',category:'acciones usuario', action:'a�adir producto desde listado'})" href="javascript:addToCartFromItemList('194518')">AÑADIR AL CARRITO &gt;</a>                                        <span class="added_button">En carrito</span>                                    <a class="white_button" title="Añadir a mi lista" href="javascript:addToListFromItemList('194518')" onclick="dataLayer.push({event: 'event_gtm',category:'acciones usuario', action:'a�adir producto a lista'});">Añadir a mi lista</a>                                </div>                    <a class="article_link" title="Ver ficha de ALIÑO SURINVER AJO Y PEREJIL 140 G" href="/ALINO-SURINVER-AJO-Y-PEREJIL-140-G_194518_prd_es_ES.jsp" onclick="javascript:callingTaggingEnpoints('')" itemprop="url"></a>                <div class="hover_container">            <div class="hover">                <div class="info_symbol"></div>            </div>        </div>                    </article>            </li>                    <li class="article" itemprop="itemListElement" itemscope="" itemtype="http://schema.org/Product">                    <article class="article_container" id="item_description_111088">            <a class="article_name" title="Ver ficha de VINAGRE BADIA ECOLOGICO 500 ML" href="/VINAGRE-BADIA-ECOLOGICO-500-ML_111088_prd_es_ES.jsp" itemprop="url"><span itemprop="name" id="description_text">VINAGRE BADIA ECOLOGICO 500 ML</span></a>            <!--informacion de gluten y calorias -->        <div class="info_container">                                                            <img class="info_icon" alt="10% Descuento para suscriptores Condisline Prime" src="//static.condisline.com/resize_39x39/images/product_icons/icon_subscription.png" width="39" height="39">                                            <a class="info" title="10% Descuento para suscriptores Condisline Prime" href="javascript:void(0);">                            <span class="info_text">10% Descuento para suscriptores Condisline Prime</span>                        </a>                                                        <img class="info_icon" alt="Producto ecológico" src="//static.condisline.com/resize_39x39/images/product_icons/icon_eco.jpg" width="39" height="39">                                            <a class="info" title="Producto ecológico" href="javascript:void(0);">                            <span class="info_text">Producto ecológico</span>                        </a>                                                        </div>        <img class="article_image" alt="VINAGRE BADIA ECOLOGICO 500 ML" data-original="//static.condisline.com/resize_190x200/images/catalog/large/111088.jpg" src="//static.condisline.com/resize_190x200/images/catalog/large/111088.jpg" width="190" height="200" style="display: block;">        <meta itemprop="image" content="//static.condisline.com/resize_190x200/images/catalog/large/111088.jpg">        <div class="article_price_container" itemprop="offers" itemscope="" itemtype="http://schema.org/Offer">            <!-- Price -->                                            <span class="article_price" itemprop="price"><span id="list_price_111088">3,69</span></span>                <span class="currency">€</span>                <script>                    formatNumber('3.69', 'list_price_111088');                </script>                        <meta itemprop="priceCurrency" content="EUR">            <div class="unit_container">                                    <a class="substract_button" title="Menos" href="javascript:void(0);">-</a>                                <label class="quantity_container">                                                                        <input class="input_quantity_product" id="item_quantity_111088" type="number" data-product="111088" value="" min="1" max="999" required="" autocomplete="off">                                                            </label>                                    <a class="add_button" title="Más" href="javascript:void(0);">+</a>                    <a class="added_tick" title="Cambiar unidades" href="javascript:void(0);"></a>                            </div>                                                <div class="article_pum">                        <span>      7,38€/Litro</span>                    </div>                                                                            <a data-product-id="111088" class="orange_button btn_add2cart" title="Añadir al carrito" onclick="dataLayer.push({event: 'event_gtm',category:'acciones usuario', action:'a�adir producto desde listado'})" href="javascript:addToCartFromItemList('111088')">AÑADIR AL CARRITO &gt;</a>                                        <span class="added_button">En carrito</span>                                    <a class="white_button" title="Añadir a mi lista" href="javascript:addToListFromItemList('111088')" onclick="dataLayer.push({event: 'event_gtm',category:'acciones usuario', action:'a�adir producto a lista'});">Añadir a mi lista</a>                                </div>                    <a class="article_link" title="Ver ficha de VINAGRE BADIA ECOLOGICO 500 ML" href="/VINAGRE-BADIA-ECOLOGICO-500-ML_111088_prd_es_ES.jsp" onclick="javascript:callingTaggingEnpoints('')" itemprop="url"></a>                <div class="hover_container">            <div class="hover">                <div class="info_symbol"></div>            </div>        </div>                    </article>            </li>        <!--    </ul> --></ul>


<div id="selectorShoppingListSection" style="display:none;"></div>


        </div>
    </section>

</div>

            
        </main>

        <script>
document.addEventListener('DOMContentLoaded', function() {
    document.getElementById('cb_est').checked = getCookie('ST_AUTH') === 'True';
    document.getElementById('cd_rrss').checked = getCookie('SN_AUTH') === 'True';
});
</script>

<div id="cookies_policy_bg" class="cookies_bg_glass" style="display: block; background: rgba(0, 0, 0, 0.5);">

    <div id="cookies_policy_dialog" class="cookies_dialog_bg">

        <div id="content_container" class="cookies_dialog_body">

            <div id="cookies_policy_text" class="cookies_text">
                Esta página web utiliza cookies propias y de terceros para fines técnicos, analíticos y de redes sociales. Tienes la opción de seleccionar "aceptar todas", "rechazar todas" o "configurar". Para obtener más información al respecto, puedes consultar nuestra
                <a id="cookies_policy_btn" class="cookies_link" title="Política de cookies" href="/cookies">
                    Política de cookies
                </a>
                .
            </div>
            <div class="cookies_buttons">
                <a class="cookies_button right" title="Rechazar todas" href="javascript:rejectCookies();">Rechazar todas</a>
                <a class="cookies_button right" title="Configurar" href="javascript:showSocialCookies();">Configurar</a>
                <a class="cookies_button right" title="Aceptar todas" href="javascript:acceptCookies();">Aceptar todas</a>
            </div>
        </div>

    </div>

</div>

<div id="cookies_social_config" class="cookies_modal">

    <div class="cookies_modal-content">

        <div class="cookies_modal-header">
            Configuración de Cookies
        </div>

        <div class="cookies_modal-body">
            <br>
            <div class="cookies_text">
                Puedes configurar tus preferencias, en cualquier momento, respecto a la utilización de Cookies. Para obtener más información al respecto, puedes consultar nuestra
                <a id="cookies_policy_btn" class="cookies_link" title="Política de cookies" href="/cookies">
                    Política de cookies
                </a>
            </div>
            <br>

            <input type="checkbox" id="cb_tec" disabled="disabled" checked="checked">
            <label class="cookies_modal_label" for="cb_tec"> Cookies Técnicas </label>
            <div class="cookies_modal_definition">
                Son aquéllas que resultan necesarias para el funcionamiento básico del sitio web y, por lo tanto, están siempre activas.
            </div>
            <br>

            <input type="checkbox" id="cb_est">
            <label class="cookies_modal_label" for="cb_est"> Cookies Análisis Estadístico</label>
            <div class="cookies_modal_definition">
                Son aquéllas que permiten realizar el seguimiento y análisis del comportamiento de los usuarios en los sitios Web.
            </div>
            <br>

            <input type="checkbox" id="cd_rrss" value="cookie-social_network">
            <label class="cookies_modal_label" for="cd_rrss"> Cookies Redes Sociales Externas</label>
            <div class="cookies_modal_definition">
                Son aquéllas que permiten que los usuarios puedan interactuar con el contenido de terceras plataformas sociales.
            </div>
            <br>

            <br>
        </div>

        <div class="cookies_modal-footer">
            <a class="cookies_back" id="cookies_modal-back" href="javascript:closeCookiesModal()" title="Volver">Volver</a>
            <a class="cookies_button" title="Guardar y continuar" href="javascript:acceptExtendedCookies();">Guardar y continuar</a>
        </div>

    </div>
</div>

<script type="text/javascript">
    checkCookiesPolicy();
</script>

<!-- Popup cargando -->
<aside id="loading" class="popup_background">
    <div class="popup_container narrow">
        <div class="popup">
            <img class="loading" title="Cargando..." src="//static.condisline.com/static-app/j2_233f/images/loading.gif" width="64" height="64">
            <p class="loading_text">Cargando...</p>
        </div>
    </div>
</aside>

<!-- Popup seleccionar / crear lista -->
<aside id="add_list_popup" class="popup_background">

</aside>

<aside id="not_in_stock_popup" class="popup_background">
</aside>

<!-- Popup login -->
<aside id="login_popup" class="popup_background">
    <div class="popup_container narrow">
        <div class="popup">
            <div class="popup_content">
                <a class="close_button" title="Cerrar popup" href="javascript:void(0);"></a>
                <div class="login_container">
                    <div class="left_container">
                        <p class="left_title">¿Es tu<span class="line"><span class="number">1<sup>a</sup></span> <span class="list">lista</span> <span class="letters">en</span></span> <img class="image" alt="Logotipo de Condisline" src="//static.condisline.com/static-app/j2_233f/images/logo-condisline.png"><span class="question">?</span></p>
                        <p class="left_text">Crea tu cuenta y haz tu compra desde el sofá de casa ¡Muy fácil!</p>
                        <div class="button_container">
                            <a class="orange_button" title="Crear cuenta" href="javascript:showRegisterUserFromLogin()">Crear cuenta</a>
                        </div>
                    </div>
                    <div class="right_container">
                        <p class="right_title">¿YA HAS REALIZADO OTRAS LISTAS CON NOSOTROS?</p>
                        <form id="login_form_popup" class="login_content" method="post" action="" autocomplete="off">
                            <label class="row">Usuario
                                <input id="user_form_popup" type="text" autocomplete="off">
                            </label>
                            <label class="row">Contraseña
                                <input id="password_form_popup" type="password" autocomplete="off">
                                <span id="msg_login_fail_list" style="display: none;" class="error_message"></span>
                            </label>
                            <a class="forget_link" title="�Has olvidado tu contrase�a?" href="javascript:irResetPassword();">¿Has olvidado tu contraseña?</a>
                            <div class="button_container">
                                <a class="access_button" title="Acceder" href="javascript:initLoginForMyList();">ACCEDER &gt;</a>
                            </div>
                        </form>
                    </div>
                </div>
            </div>
        </div>
    </div>
</aside>



<!-- Popup Cambios no persistentes en la lista hasta que no se graben -->
<aside id="no_persist_change_in_list_popup" class="popup_background">
    <div class="popup_container popup_list">
        <div class="popup">
            <div class="popup_content">
                <a class="close_button" title="Cerrar popup" href="javascript:closePopUpList();"></a>
                <p class="popup_list_title remember">Recuerda que al modificar tu lista<br> deberás guardar los cambios haciendo clic en<br> botón de la parte superior de la página</p>
                <div class="popup_list_button">
                    <a class="orange_button" title="ACEPTAR" href="javascript:hideNoPersistChangeInList();">ACEPTAR &gt;</a>
                </div>
            </div>
        </div>
    </div>
</aside>

<!-- Popup eliminar producto del carrito -->
<aside id="delete_product_popup" class="popup_background delete_product_popup">
    <div class="popup_container">
        <div class="popup">
            <div class="popup_content">
                <div class="delete_background"></div>
                <p class="delete_text">¿Estás seguro de que deseas eliminar el producto "<span id="delete_name"></span>" de tu carrito?</p>
                <div class="delete_buttons">
                    <a id="delete_product" class="white_button" title="Eliminarlo del carrito" href="javascript:confirmDeleteItemForCart();" onclick="dataLayer.push({event: 'event_gtm', category:'acciones usuario', action:'eliminar producto del carrito'});">Eliminarlo del carrito</a>
                    <a id="dont_delete" class="orange_button" title="Mantenerlo en carrito" href="javascript:void(0);" onclick="dataLayer.push({event:'event_gtm', category:'acciones usuario', action:'mantener producto en carrito'});">Mantenerlo en carrito</a>
                     <input type="hidden" id="productIdToDelete">
                </div>
            </div>
        </div>
    </div>
</aside>

<!-- Popup Cambios en la lista guardados -->
<aside id="saved_change_popup" class="popup_background">
    <div class="popup_container popup_list">
        <div class="popup">
            <div class="popup_content">
                <a class="close_button" title="Cerrar popup" href="javascript:closePopUpList();"></a>
                <p class="popup_list_title saved">Tu lista se ha guardado correctamente</p>
                <div class="popup_list_button">
                    <a class="orange_button" title="Aceptar" href="javascript:hideSavedChange();">ACEPTAR &gt;</a>
                </div>
            </div>
        </div>
    </div>
</aside>

<!-- Popup confirmaci�n eliminar producto de lista -->
<aside id="delete_list_product_popup" class="popup_background">
    <div class="popup_container narrow">
        <div class="popup">
            <div class="popup_content">
                <a class="close_button" title="Cerrar popup" href="javascript:void(0);"></a>
                <p class="delete_list_product_text">¿Seguro que deseas eliminar el producto? <span id="article_name"></span></p>
                <div class="buttons_container">
                    <a class="cancel_button" title="Cancelar" href="javascript:void(0);">Cancelar</a>
                    <a class="accept_button" title="ACEPTAR" href="#">ACEPTAR</a>
                </div>
            </div>
        </div>
    </div>
</aside>

<!-- Producto a�adido a la lista con �xito -->
<aside id="added_list_popup" class="popup_background">
    <div class="popup_container popup_list">
        <div class="popup">
            <div class="popup_content">
                <a class="close_button" title="Cerrar popup" href="javascript:void(0);"></a>
                <p class="popup_list_title saved">El producto <span id="product_in_list" class="product">"CEREALES CONDIS HAPPY CHOC 375 GRS"</span> se ha añadido correctamente a la lista <span id="list_description" class="list">"Cumplea�os Mam�"</span></p>
                <div class="popup_list_button">
                    <a class="orange_button" title="Aceptar" href="javascript:void(0);">ACEPTAR &gt;</a>
                </div>
            </div>
        </div>
    </div>
</aside>

<!-- Popup gen�rico -->
<aside id="generic_popup" class="popup_background">
    <div class="popup_container popup_list">
        <div class="popup">
            <div class="popup_content">
                <a class="close_button" title="Cerrar popup" href="javascript:void(0);"></a>
                <p class="generic_popup_title"></p>
                <p class="generic_popup_text"></p>

                <div class="popup_list_button">
                    <a class="orange_button" title="ACEPTAR" href="javascript:void(0);">ACEPTAR &gt;</a>
                </div>
            </div>
        </div>
    </div>
</aside>

<!-- Popup opcional -->
<aside id="generic_choice_popup" class="popup_background">
    <div class="popup_container popup_list">
        <div class="popup">
            <div class="popup_content">
                <a class="close_button" title="Cerrar popup" href="javascript:void(0);"></a>
                <p class="generic_popup_title"></p>
                <p class="generic_popup_text"></p>

                <div class="popup_list_button">
                    <a class="orange_button secundary_button" style="background-color:#e6e6e2" title="Cancelar" href="#">Cancelar &gt;</a>
                    <a class="orange_button primary_button" title="GUARDAR" href="#">GUARDAR &gt;</a>
                </div>
            </div>
        </div>
    </div>
</aside>

<!-- Popup disponibilidad -->
<aside id="disponibility_popup" class="popup_background">
</aside>

<!-- Popup a�adir producto a lista desde carrito -->
<aside id="all_list_popup" class="popup_background">
    <div class="popup_container popup_list">
        <div class="popup">
            <div class="popup_content">
                <a class="close_button" title="Cerrar popup" href="javascript:void(0);"></a>
                <p class="popup_list_title saved">Se han añadido todos los<br> productos de tu carrito a la lista:<br> <span class="list" id="listName"></span></p>
                <div class="popup_list_button">
                    <a class="orange_button" title="ACEPTAR" href="javascript:void(0);">ACEPTAR &gt;</a>
                </div>
            </div>
        </div>
    </div>
</aside>

<aside id="legal_popup" class="popup_background">
</aside>

<aside id="delivery_popup" class="popup_background">
</aside>

<aside id="schedule_popup" class="popup_background">
</aside>




<!-- login popups -->

<aside id="alert_login_no_mail_popup" class="popup_background" style="display:none">
   <div class="popup_container narrow">
    <div class="popup">
        <div class="popup_content">
            <p class="new_username_text">Hola <span id="user_name"></span>,<br> a partir de ahora, para acceder al nuevo Condisline, tu nombre de usuario será tu e-mail: <span id="user_mail"></span></p>
            <div class="button_container new_username">
                <a id="new_confirm_email" class="orange_button" title="Confirmar este e-mail" href="javascript:changeLoginForMail();">CONFIRMAR ESTE E-MAIL &gt;</a>
                <a id="new_modify_email" class="change_email" title="Modificar este e-mail" href="javascript:updateMailFromLogin();">Modificar este e-mail</a>
            </div>
        </div>
    </div>
   </div>
</aside>

<aside id="alert_select_region_popup" class="popup_background" style="display:none">
   <div class="popup_container narrow">
    <div class="popup">
        <div class="popup_content">
            <a class="close_button" title="Cerrar popup" href="javascript:selectRegion('SVC', 'SVM');"></a>
            <p class="new_username_text" style="color:#e66b5b;font-weight:bold;">Selecciona tu zona para adecuar el surtido y darte una mejor experiencia</p>
            <div style="width:46%;margin:10px; float:left;">
                <p class="new_username_text select_region_text" style="background-color: #3C67A5; color:#fff;cursor:pointer;" onclick="selectRegion('SVC', 'SVM');">Catalunya</p>

            </div>
            <div style="width:46%;margin: 10px; clear: left; float:left;">
                <p class="new_username_text select_region_text" style="background-color: #3C67A5; color:#fff; cursor:pointer;" onclick="window.location='https://www.condisline.ad';">Andorra</p>
            </div>

            <!--<select style="    display: block;
    float: left;
    margin-top: 15px;
    margin-left:190px;
    border: 1px solid #D6D6C5;
    -webkit-border-radius: 5px;
    -moz-border-radius: 5px;
    border-radius: 5px;
    color: #706F6F;
    font-size: 100%;
    line-height: 20px;
    padding: 6px 10px;
    width: 200px;
    height: 34px;
    -webkit-box-sizing: border-box;
    -moz-box-sizing: border-box;
    box-sizing: border-box;" onchange="ahoraSelect()" id="capri">
            <option style="font-weight: normal;    display: block;    white-space: pre;    min-height: 1.2em;" disabled selected>Zonas...</option>
            <option style="font-weight: normal;    display: block;    white-space: pre;    min-height: 1.2em;" onclick="selectRegion('SVC', 'SVM');"> Catalunya</option>
            </select>-->
            <p class="new_username_text"></p>
            <div class="button_container new_username">
            <!--    <a id="new_confirm_email" class="orange_button" title="Confirmar este e-mail" href="javascript:changeLoginForMail();">CONFIRMAR ESTE E-MAIL &gt;</a>
                <a id="new_modify_email" class="change_email" title="Modificar este e-mail" href="javascript:updateMailFromLogin();">Modificar este e-mail</a>-->
            </div>
        </div>
    </div>
   </div>
</aside>

<aside id="alert_login_no_contract_agreement_popup" class="popup_background" style="display:none">
   <div class="popup_container narrow">
    <div class="popup">
        <div class="popup_content">
            <p class="gdpr_text" style="font-family: 'Font2';">Queremos continuar informándote de las últimas novedades de nuestros productos, servicios y promociones, <b>pero queremos que tú decidas qué recibir y cómo.</b> </p>
            <div id="content_dni">
            <p class="gdpr_text" style="font-family: 'Font2';">Para ello, primero necesitamos que cumplimentes el siguiente campo al objeto de poder identificarte correctamente: </p>
            <input id="dni" type="text" style="margin-left: 200px;text-align:center;margin-top:20px; " placeholder="DNI/NIF"> <span style="color:red">*</span> &nbsp;<span id="msg_dni_fail" style="display:none;color:red;" class="error_message"> El dni introducido no es válido</span><span id="msg_dni_duplicado" style="display:none;color:red;" class="error_message"> DNI duplicado</span>
            </div>
            <div style="width=80%; color:#3C67A5;margin-top:20px;font-family: 'Font2'; ">
                <div style="width:100%; padding: 0 15px;font-family: 'Font2';">
                    Por favor, confírmanos tu consentimiento para las siguientes finalidades:
                </div>
                <div style="padding-left: 50px; font-family: 'Font2';width:100%; display:none" id="content_gdpr">
                    <label style="line-height: 20px;font-family: 'Font2';"><input id="gdpr_check" style="width: 20px;height: 20px;" type="checkbox" value="true">&nbsp;He leido las <a href="#">condiciones</a> <span style="color:red">*</span></label><br>
                </div>

                <div style="padding:0 10px 0 50px; margin-top:10px;font-family: 'Font2';">
                    <label style="line-height: 20px;font-family: 'Font2';"><input id="publi_check" style="width: 20px;height: 20px;" type="checkbox">&nbsp;Acepto recibir información comercial sobre Condis, de cualquier índole, incluyendo encuestas de satisfacción, y específicamente sobre futuras acciones comerciales así como promociones exclusivas a través de e-mail, sms y/o notificaciones push en tu dispositivo.</label>
                </div>
                <div id="publi_sgm" style="padding-left: 100px; display:none;font-family: 'Font2';">
                    <label style="line-height: 20px;"><input id="flagMail" style="width: 20px;height: 20px;" type="checkbox">&nbsp;Vía Email para seguir recibiendo nuestras newsletter<span style="color:blue">*</span></label><br>
                    <label style="line-height: 20px;"><input id="flagSMS" style="width: 20px;height: 20px;" type="checkbox">&nbsp;Vía SMS</label><br>
                    <label style="line-height: 20px;"><input id="flagPush" style="width: 20px;height: 20px;" type="checkbox">&nbsp;Vía notificaciones push en mi dispositivo para futuras actualizaciones</label>
                </div>
                <div style="padding:0 10px 0 50px; margin-top:10px;font-family: 'Font2';">
                    <label style="line-height:20px;font-family: 'Font2';"><input id="profile_check" style="width: 20px;height: 20px;" type="checkbox">&nbsp;Acepto que Condis evalúe mi perfil con información de fuentes externas para ofrecerme servicios y productos más ajustados a mis necesidades y preferencias.</label><br>
                </div>
                <div style="padding:0 10px 0 50px; margin-top:10px;font-family: 'Font2';">
                    <label style="line-height:20px;font-family: 'Font2';"><input id="healthy_check" style="width: 20px;height: 20px;" type="checkbox">&nbsp;Acepto que Condis evalúe mi perfil con información de fuentes externas para ofrecerme servicios y productos más ajustados a mis necesidades y preferencias.</label><br>
                </div>
                <div class="button_container">
                    <a class="orange_button" id="confirmGDPR" title="Aceptar" href="javascript:contractAgreement(function(){console.log('callback')}, null);">Aceptar &gt;</a>
                </div>
                <p style="padding:20px; width:92%;margin-top:55px;text-align:justify; font-size:12px">De conformidad con el Reglamento Europeo 2016/679 General de Protección de Datos, así como en cualquier ley nacional que sea de aplicación, te informamos que tus datos personales serán tratados por CONDIS SUPERMERCATS, S.A., como responsable del tratamiento, para las finalidades principales del servicio contratado y para las antes indicadas en caso que así lo hayas consentido. Comunicarte que no se cederán datos a terceros salvo que exista una obligación legal. Puedes revocar tus consentimientos en cualquier momento, así como ejercer tus derechos. Para más información al respecto, consulta nuestra <a href="/police/privacy#content_body" target="_blank">Política de Privacidad</a></p>
            </div>
        </div>
    </div>
   </div>
</aside>


<aside id="form_update_mail_popup" class="popup_background" style="display:none">
    <div class="popup_container tariff">
        <div class="popup">
            <div class="popup_content">
                <form class="identification_content" method="post" action="" autocomplete="off">
                    <label class="row">E-mail <span class="detail">(Ten en cuenta que será tu usuario de acceso a Condisline)</span> <sup>*</sup>
                        <input id="email_user" type="text" autocomplete="off">
                    </label>
                    <label class="row">Repetir e-mail
                        <input id="email_rep_user" type="text" autocomplete="off">
                        <span id="msg_mail_match_fail" style="display:none" class="error_message"> Los campos no coinciden</span>
                    </label>
                </form>
                <div class="delete_buttons">
                    <a id="new_change_email_popup_later" class="white_button" title="Recordar más tarde" href="javascript:recordarMasTarde();">Recordar más tarde</a>
                    <a id="new_change_email_popup_send" class="orange_button" title="ACEPTAR" href="javascript:changeMailBeforeChangeLogin();">ACEPTAR</a>
                </div>
            </div>
        </div>
    </div>
</aside>

<aside id="alert_maillogin_in_use_popup" class="popup_background" style="display:none">
    <div class="popup_container tariff">
        <div class="popup">
            <div class="popup_content">
                <p class="delete_text"><br><br>El correo <span id="user_mail"></span>, ya está en uso.<br> ¿Desea elegir otro o recordármelo más tarde?<br><br></p>
                <div class="delete_buttons">
                    <a id="new_change_email_popup_later" class="white_button" title="Recordar más tarde" href="javascript:recordarMasTarde();">Recordar más tarde</a>
                    <a id="new_change_email_popup_next" class="orange_button" title="Elegir otro" href="javascript:elegirOtro();">Elegir otro</a>
                </div>
            </div>
        </div>
    </div>
 </aside>

<aside id="success_maillogin_update_popup" class="popup_background" style="display:none">
    <div class="popup_container narrow">
        <div class="popup">
            <div class="popup_content">
                <p class="warning_old_login">Enhorabuena, a patir de ahora tu login para acceder a la aplicacion es  <span id="user_mail"></span>.</p>
                <div class="button_container new_username">
                    <a id="new_confirm_email" style="margin-bottom:20px;" class="orange_button" title="ACEPTAR" href="javascript:endUpdateLogin();">ACEPTAR &gt;</a>
                </div>
            </div>
        </div>
    </div>
</aside>



<!-- checkout login popups -->

<aside id="alert_login_no_mail_popup_checkout" class="popup_background" style="display:none">
   <div class="popup_container narrow">
    <div class="popup">
        <div class="popup_content">
            <p class="new_username_text">Hola <span id="user_name"></span>,<br> a partir de ahora, para acceder al nuevo Condisline, tu nombre de usuario será tu e-mail: <span id="user_mail"></span></p>
            <div class="button_container new_username">
                <a id="new_confirm_email" class="orange_button" title="Confirmar este e-mail" href="javascript:changeLoginForMailCheckout();">CONFIRMAR ESTE E-MAIL &gt;</a>
                <a id="new_modify_email" class="change_email" title="Modificar este e-mail" href="javascript:updateMailFromLoginCheckout();">Modificar este e-mail</a>
            </div>
        </div>
    </div>
   </div>
</aside>

<aside id="form_update_mail_popup_checkout" class="popup_background" style="display:none">
    <div class="popup_container tariff">
        <div class="popup">
            <div class="popup_content">
                <form class="identification_content" method="post" action="" autocomplete="off">
                    <!--<p class="delete_text">Indica tu nuevo e-mail:</p>-->
                    <label class="row">
                        E-mail <span class="detail">(Ten en cuenta que será tu usuario de acceso a Condisline)</span> <sup>*</sup>
                        <input id="email_user" type="text" autocomplete="off">
                    </label>
                    <label class="row">
                        <!--Repite tu e-mail*-->
                        Repetir e-mail
                        <input id="email_rep_user" type="text" autocomplete="off">
                        <span id="msg_mail_match_fail" style="display:none" class="error_message"> Los campos no coinciden</span>
                    </label>
                </form>
                <div class="delete_buttons">
                    <a id="new_change_email_popup_later" class="white_button" title="Recordar más tarde" href="javascript:recordarMasTarde();">Recordar más tarde</a>
                    <a id="new_change_email_popup_send" class="orange_button" title="ACEPTAR" href="javascript:changeMailBeforeChangeLoginCheckout();">ACEPTAR</a>
                </div>
            </div>
        </div>
    </div>
</aside>

<aside id="alert_maillogin_in_use_popup_checkout" class="popup_background" style="display:none">
    <div class="popup_container tariff">
        <div class="popup">
            <div class="popup_content">
                <p class="delete_text"><br><br>El correo <span id="user_mail"></span>, ya está en uso.<br> ¿Desea elegir otro o recordármelo más tarde?<br><br></p>
                <div class="delete_buttons">
                    <a id="new_change_email_popup_later" class="white_button" title="Recordar más tarde" href="javascript:recordarMasTardeCheckout();">Recordar más tarde</a>
                    <a id="new_change_email_popup_next" class="orange_button" title="Elegir otro" href="javascript:updateMailFromLoginCheckout();">Elegir otro</a>
                </div>
            </div>
        </div>
    </div>
 </aside>

<aside id="success_maillogin_update_popup_checkout" class="popup_background" style="display:none">
    <div class="popup_container narrow">
        <div class="popup">
            <div class="popup_content">
                <p class="warning_old_login">Enhorabuena, a patir de ahora tu login para acceder a la aplicacion es  <span id="user_mail"></span>.</p>
                <div class="button_container new_username">
                    <a id="new_confirm_email" style="margin-bottom:20px;" class="orange_button" title="ACEPTAR" href="javascript:endUpdateLoginCheckout();">ACEPTAR &gt;</a>
                </div>
            </div>
        </div>
    </div>
</aside>












<!-- login por mail area privada -->

<aside id="alert_mail_as_login_popup" class="popup_background" style="display:none">
   <div class="popup_container narrow">
    <div class="popup">
        <div class="popup_content">
            <p class="new_username_text">Hola <span id="user_name"></span>,<br> a partir de ahora, para acceder al nuevo Condisline, tu nombre de usuario será tu e-mail: <span id="user_mail"></span></p>
            <div class="button_container new_username">
                <a id="new_confirm_email" style="margin-bottom:20px;" class="orange_button" title="Confirmar este e-mail" href="javascript:updateUserBasisDataProccessor();">CONFIRMAR ESTE E-MAIL &gt;</a>
            </div>
        </div>
    </div>
   </div>
</aside>


<aside id="alert_maillogin_in_use_pa_popup" class="popup_background" style="display:none">
   <div class="popup_container narrow">
        <div class="popup">
            <div class="popup_content">
                <p class="new_username_text">El login <span id="user_mail_no_valid"></span>,<br> ya esta en uso </p>
                <div class="button_container new_username">
                    <a id="new_confirm_email" style="margin-bottom:20px;" class="orange_button" title="ACEPTAR" href="javascript:hideAlertMainInUserPrivateArea();">ACEPTAR &gt;</a>
                </div>
            </div>
        </div>
   </div>
</aside>

<aside id="delivery_times_popup" class="popup_background" style="display:none;">
    <div class="popup_container">
        <div class="popup">
            <div class="popup_content">
                <a class="close_button" title="Cerrar popup" href="javascript:void(0);"></a>

                <script>
                    var linkElement = document.createElement("link");
                    linkElement.rel = "stylesheet";
                    linkElement.href = "//static.condisline.com/static-app/j2_233f/styles/purchasing-process-step-1.css";

                    document.head.appendChild(linkElement);
                </script>

                <!-- calendario de las fechas de entrega -->
                <p class="postalcode_title" style="padding: 20px 0 0 20px;">C.P.: <span id="delivery_postalcode"></span></p>

                <style>
                    #layer_delivery_time_slot_popup #deliveryTitleText {
                        display: none;
                    }

                    #layer_delivery_time_slot_popup {
                        padding: 0px 20px;
                        margin: 0 auto;
                    }

                    #layer_delivery_time_slot_popup table.hour_table {
                        margin-bottom: 20px;
                    }

                    #layer_delivery_time_slot_popup .hour input {
                        opacity: 0;
                        position: fixed;
                        width: 0;
                    }

                    #layer_delivery_time_slot_popup .postalcode_title {
                        font-weight: bold;
                        padding: 20px 20px 0px 20px;
                        margin-bottom: 0;
                    }
                </style>

                <div id="layer_delivery_time_slot_popup"></div>
            </div>
        </div>
    </div>
</aside>


<!-- popup FINALIZACI�N cat�logo MADRID -->
<aside id="end_madrid_catalogue_popup" class="fpopup" style="display:none">
   <div class="fpopup__overlay">
        <div class="fpopup__container">
            <a class="close_button" title="Cerrar popup" href="javascript:void(0);"></a>
            <h3>Lo sentimos, pero Condisline ha dejado de operar en la zona centro: Madrid y alrededores.</h3>
            <p>Aunque ya no aceptamos pedidos, podrás contactarnos para resolver cualquier incidencia de entregas anteriores.</p>
            <p><img src="//static.condisline.com/static-app/j2_233f/images/condisline-madrid.jpg" alt="" style="max-width: 100%;"></p>
            <p>
                <a class="done_button" title="ACEPTAR" href="javascript:void(0);">ACEPTAR</a>
            </p>
        </div>
   </div>
</aside>

        
    <script type="text/javascript" src="https://islpronto.islonline.net/live/islpronto/public/chat_info.js?d=condis&amp;nick=.&amp;email=&amp;lang=es"></script>


<script type="text/javascript">
document.addEventListener('load', function() {
    if(true) {
        var image = document.getElementById('liveagent_button_online_5731r0000008g5K');
        if (locale == 'es_ES'){
            image.src = 'https://static.condisline.com/images/chat/islpronto-chat_es_.jpg';
        }else{
            image.src = 'https://static.condisline.com/images/chat/islpronto-chat_ca.jpg';
        }
    }else{
        var image = document.getElementById('liveagent_button_offline_5731r0000008g5K');
        if (locale == 'es_ES'){
            image.src = 'https://static.condisline.com/images/chat/islpronto_message_es.jpg';
        }else{
            image.src = 'https://static.condisline.com/images/chat/islpronto-message_ca.jpg';
        }
    }
});
</script>





        <footer class="footer_container" id="footer">
              <div id="payment_method" class="semitransparent_container">
        <ul class="content_container">
    <li class="avail safe">Compra Segura</li>
    <li class="avail norton"></li>
    <li class="avail visa"></li>
    <li class="avail mastercard"></li>
    <li class="avail paypal"></li>
    <li class="avail order">Recibe tu pedido al día siguiente</li>
    <li class="avail free">Envíos Gratis*<span class="tooltip">* Para los nuevos clientes en sus 2 primeras compras</span></li>
    <li class="avail collectives">Ventajas a colectivos</li>
</ul>
  </div>

  <div id="corporate information" class="opaque_container">
           <div class="content_container">
        <div class="footer_data_container left" itemscope="" itemtype="http://schema.org/Store">
                <meta itemprop="logo" content="//static.condisline.com/static-app/j2_233f/images/logo-condisline.png">
                <meta itemprop="name" content="Condisline.com, Supermercados Online">
                <meta itemprop="url" content="Condisline.com">
            <a class="footer_logo" title="Condisline" href="javascript:goToHome()" itemprop="url">
                <img class="logo_image" alt="Logotipo de Condisline" src="//static.condisline.com/static-app/j2_233f/images/logo-condisline.png" width="242" height="61" itemprop="logo">
            </a>
            <div itemscope="" class="contact_data" itemtype="http://schema.org/PostalAddress">
                <span class="telephone" itemprop="telephone">900 167 167</span>
            </div>
            <div itemscope="" class="contact_data contact_secundary" itemtype="http://schema.org/PostalAddress">
                <span class="footer">De Lunes a Jueves de 7h a 22.30h</span>
                <span class="footer">Viernes de 7h a 21.30h</span>
                <span class="footer">Sábado de 8h a 21.30h</span>
                <meta itemprop="addressCountry" content="ES">
                <a class="email" title="Email de contacto a Condisline" href="mailto:info@condis.es" itemprop="email">info@condis.es</a>
            </div>
        </div>
        <div class="footer_data_container">
            <ul class="footer_links_container">
                <li class="footer_link_container">
                    <a class="footer_link" title="Sobre Condis" href="/about_es_ES.jsp">Sobre Condis</a>
                </li>
                <li class="footer_link_container">
                    <a class="footer_link" title="Preguntas Frecuentes" href="/faq_es_ES.jsp">Preguntas Frecuentes</a>
                </li>
                <li class="footer_link_container">
                    <a class="footer_link" title="¿Dónde repartimos?" href="javascript:showDeliveryZones();">¿Dónde repartimos?</a>
                </li>
                <li class="footer_link_container">
                    <a class="footer_link" title="Horarios de entrega" href="javascript:showDeliveryTimes();">Horarios de entrega</a>
                </li>
            </ul>
        </div>
        <div class="footer_data_container right">
            <p class="social_text">Síguenos en:</p>
            <div class="social_container">
                <a class="social_button fb" title="Descubre nuestro canal en Facebook" rel="me nofollow" target="_blank" href="https://www.facebook.com/Condislife"></a>
                <a class="social_button tw" title="Descubre nuestro canal en Twitter" rel="me nofollow" target="_blank" href="https://twitter.com/Condislife"></a>
                <a class="social_button yt" title="Descubre nuestro canal en YouTube" rel="me nofollow" target="_blank" href="https://www.youtube.com/user/Condislife"></a>
            </div>

            <a class="condis_link" title="Descubre Condis" rel="me nofollow" target="_blank" href="http://www.condis.es">
                <img class="condis_logo" alt="Logotipo de de Condis" src="//static.condisline.com/static-app/j2_233f/images/logo-condis.png" width="143" height="44">
            </a>

            <a class="condis_link" title="Descubre Condislife" rel="me nofollow" target="_blank" href="http://www.condislife.com">
                <img class="condis_logo" alt="Logotipo de Condislife" src="//static.condisline.com/static-app/j2_233f/images/logo-condislife.png" width="143" height="44">
            </a>
            <br>


            <a class="condis_link" title="Descubre Condisline App" rel="me nofollow" target="_blank" href="https://www.condisline.com/promociones/landing-app/index.html">
                <img class="condis_logo" alt="Logotipo de de Condis" src="//static.condisline.com/static-app/j2_233f/images/logo-condislineapp.png" width="143" height="44">
            </a>


            <a class="condis_link" title="Descubre CondisFamily" rel="me nofollow" target="_blank" href="https://recursos.condis.es/app-condisfamily/">
                <img class="condis_logo" alt="Logotipo de CondisFamily" src="//static.condisline.com/static-app/j2_233f/images/logo-condisapp.png" width="143" height="44">
            </a>




        </div>
    </div>
  </div>

  <div id="plataforms" class="opaque_container">
        <ul class="collaborator_container">
    <li class="collaborator">
        <a class="collaborator_link" title="Ir a OXFAM Intermón" rel="nofollow" target="_blank" href="http://www.esolidario.es/">
            <img class="collaborator_image" alt="Logotipo de OXFAM Intermón" src="//static.condisline.com/static-app/j2_233f/images/logo-intermon.png">
        </a>
    </li>
    <!--
    <li class="collaborator">
        <a class="collaborator_link" title="Ir a AppStore" rel="nofollow" target="_blank" href="#">
            <img class="collaborator_image" alt=Logotipo de AppStore" src="//static.condisline.com/static-app/j2_233f/images/logo-appstore.png">
        </a>
    </li>
    <li class="collaborator">
        <a class="collaborator_link" title="Ir a GooglePlay" rel="nofollow" target="_blank" href="#">
            <img class="collaborator_image" alt="Logotipo de GooglePlay" src="//static.condisline.com/static-app/j2_233f/images/logo-googleplay.png">
        </a>
    </li>
    -->
</ul>
  </div>

  <div id="policies_condis" class="semitransparent_container">
        <ul class="links_container">
    <li class="link_container">
        <a class="legal_link" title="Ir a condiciones generales de compra" rel="nofollow" href="/police/general">Condiciones generales de compra</a>
    </li>
    <li class="link_container">
        <a class="legal_link" title="Ir a política de cookies" rel="nofollow" href="/cookies">Política de cookies</a>
    </li>
    <li class="link_container">
        <a class="legal_link" title="Política de privacidad" rel="nofollow" href="/police/privacy">Política de privacidad</a>
    </li>
</ul>
  </div>

  <div id="chat">
        <ul class="online_support_container">
  <a id="islpronto_link" title="Hola, ¿en qué puedo ayudarte?">
      <img id="liveagent_button_online_5731r0000008g5K" style="border: 0px none; cursor: pointer;" onclick="liveagent.startChat('5731r0000008g5K')" src="https://static.condisline.com/images/chat/islpronto-chat_es_.jpg"><img id="liveagent_button_offline_5731r0000008g5K" onclick="javascript:window.open('mailto:info@condis.es');" style="display: none; border: 0px none; " src="https://static.condisline.com/images/chat/islpronto_message_es.jpg">
      <script type="text/javascript">
      if (!window._laq) { window._laq = []; }
      window._laq.push(function(){liveagent.showWhenOnline('5731r0000008g5K', document.getElementById('liveagent_button_online_5731r0000008g5K'));
      liveagent.showWhenOffline('5731r0000008g5K', document.getElementById('liveagent_button_offline_5731r0000008g5K'));
      });</script>
  </a>

  <a id="return-top-btn" class="return_button" title="Volver arriba" href="javascript:void(0);" style="display: block; opacity: 1;"></a>
</ul>
  </div>

        </footer>
    







<div id="customer_data"></div><div id="fb-root" class=" fb_reset"><div style="position: absolute; top: -10000px; width: 0px; height: 0px;"><div></div></div></div></body></html>