<!DOCTYPE html><html><head>
        <meta charset="UTF-8">
<meta name="viewport" content="width=device-width, initial-scale=1.0, maximum-scale=1.0, user-scalable=no">
<meta name="format-detection" content="telephone=no">
<meta http-equiv="X-UA-Compatible" content="IE=edge">


    <meta name="robots" content="index, follow">



    <title>Arroz, pasta y legumbres secas en Condisline, tu supermercado online</title>



    <meta name="description" content="En la sección de Arroz, pasta y legumbres secas te ofrecemos una completa gama de productos al mejor precio. Compra en Condisline, tu supermercado online">



    <link rel="alternate" href="https://www.condisline.com/Alimentacion_Arroz-pasta-y-legumbres-secas_c01_cat00090001_cat_es_ES.jsp" hreflang="es">



    <link rel="alternate" href="https://www.condisline.com/Alimentacio_Arros-pasta-i-llegums-seques_c01_cat00090001_cat_ca_ES.jsp" hreflang="ca">


<link rel="shortcut icon" href="//static.condisline.com/static-app/j2_233f/images/condisline.ico">

<link rel="stylesheet" href="//static.condisline.com/static-app/j2_233f/styles/interface.css">
<link rel="stylesheet" href="//static.condisline.com/static-app/j2_233f/styles/condis.css">
<link rel="stylesheet" href="//static.condisline.com/static-app/j2_233f/fonts/icomoon/style.css">

<script src="https://connect.facebook.net/es_ES/sdk.js?hash=4dc7cae4bbf8980541590e2aadfd2f99" async="" crossorigin="anonymous"></script><script id="facebook-jssdk" src="//connect.facebook.net/es_ES/sdk.js"></script><script async="" src="https://www.googletagmanager.com/gtm.js?id=GTM-K54HK82"></script><script type="text/javascript">
    window.dataLayer = window.dataLayer || [];
    var staticUrl = '//static.condisline.com/static-app/j2_233f';
    var addressGoogleService = 'true';
    var strandsEnabled = 'false';
    var pleasePluginEnabled = 'true';
    var googleServiceKey = 'AIzaSyBeqqxvGqGcP0cwdSA2_o6Hfffn-iOUUBQ';
    var sfChatId1 = '5721r0000008g9T';
    var sfChatId2 = '00D1r000000sfpu';
    var store_context_root =  '';
    var empathy_url = 'https://api.empathy.co/';
    var empathy_suggestions_url = 'search/v1/query/condis/empathize?';
    var empathy_next_queries_url = 'nextqueries/condis?';
    var empathy_related_tags_url = 'relatedtags/condis?';
    var empathy_top_clicked_url = 'search/v1/query/condis/topclicked?';
    var empathy_sku_search_url = 'search/v1/query/skusearch?';
    var empathy_search_url = 'search/v1/query/search?';
    var empathy_mobileOrDesktop =  'desktop';
    var environment = 'pro';

</script>

<script>(function(w,d,s,l,i){w[l]=w[l]||[];w[l].push({'gtm.start':
new Date().getTime(),event:'gtm.js'});var f=d.getElementsByTagName(s)[0],
j=d.createElement(s),dl=l!='dataLayer'?'&l='+l:'';j.async=true;j.src=
'https://www.googletagmanager.com/gtm.js?id='+i+dl;f.parentNode.insertBefore(j,f);
})(window,document,'script','dataLayer','GTM-K54HK82');
</script>

<script type="text/javascript" src="//static.condisline.com/static-app/j2_233f/js/jquery.min.js"></script>
<script type="text/javascript" src="//static.condisline.com/static-app/j2_233f/js/jquery.lazyload.js"></script>
<script type="text/javascript" src="//static.condisline.com/static-app/j2_233f/js/jquery-ui.min.js"></script>
<script type="text/javascript" src="//static.condisline.com/static-app/j2_233f/js/jquery.imageLens.js"></script>
<script type="text/javascript" src="//static.condisline.com/static-app/j2_233f/js/jquery.typewatch.js"></script>
<script type="text/javascript" src="//static.condisline.com/static-app/j2_233f/js/common.js"></script>
<script type="text/javascript" src="//static.condisline.com/static-app/j2_233f/js/index.js"></script>
<script type="text/javascript" src="//static.condisline.com/static-app/j2_233f/js/utils.js"></script>
<script type="text/javascript" src="//static.condisline.com/static-app/j2_233f/js/condis.js"></script>
<script type="text/javascript" src="//static.condisline.com/static-app/j2_233f/js/handlebars-v3.0.3.js"></script>
<script type="text/javascript" src="//static.condisline.com/static-app/j2_233f/js/environment-pro.js"></script>
<script type="text/javascript" src="//static.condisline.com/static-app/j2_233f/js/commerce_rest-v.0.1.js"></script>
<script type="text/javascript" src="//static.condisline.com/static-app/j2_233f/js/supportStore.js"></script>
<script type="text/javascript" src="//static.condisline.com/static-app/j2_233f/js/validator.js"></script>
<script type="text/javascript" src="//static.condisline.com/static-app/j2_233f/js/jquery.cookie.js"></script>
<script type="text/javascript" src="//static.condisline.com/static-app/j2_233f/js/product-list.js"></script>
<script type="text/javascript" src="https://maps.googleapis.com/maps/api/js?key=AIzaSyBeqqxvGqGcP0cwdSA2_o6Hfffn-iOUUBQ&amp;libraries=geometry"></script>

<script type="module" src="https://platform.pleasepoint.com/pleasepoint-widgets/index.js"></script>


<script type="text/javascript" src="https://c.la1-c1cs-par.salesforceliveagent.com/content/g/js/42.0/deployment.js"></script>
<script type="text/javascript">
liveagent.init('https://d.la1-c2-par.salesforceliveagent.com/chat', '5721r0000008g9T', '00D1r000000sfpu');
//liveagent.init('https://d.la1-c1cs-par.salesforceliveagent.com/chat', '5720E00000000EX', '00D0E00000017bO');
</script>

<script>
    var templateName = 'desktop/category/bodyTemplate';
    var locale = 'es_ES';
    var catalogId = 'SVC';
    var localeSearch = locale.substring(0,2);
</script>

<!--[if lt IE 9]>
    <script src="//static.condisline.com/static-app/j2_233f/js/html5shiv.min.js"></script>
<![endif]-->


        <link rel="stylesheet" href="//static.condisline.com/static-app/j2_233f/styles/product-list.css">
    <link rel="stylesheet" href="//static.condisline.com/static-app/j2_233f/styles/purchasing-process-step-1.css"><style type="text/css" data-fbcssmodules="css:fb.css.base css:fb.css.dialog css:fb.css.iframewidget">.fb_hidden{position:absolute;top:-10000px;z-index:10001}.fb_reposition{overflow:hidden;position:relative}.fb_invisible{display:none}.fb_reset{background:none;border:0px;border-spacing:0;color:#000;cursor:auto;direction:ltr;font-family:'lucida grande', tahoma, verdana, arial, sans-serif;font-size:11px;font-style:normal;font-variant:normal;font-weight:normal;letter-spacing:normal;line-height:1;margin:0;overflow:visible;padding:0;text-align:left;text-decoration:none;text-indent:0;text-shadow:none;text-transform:none;visibility:visible;white-space:normal;word-spacing:normal}.fb_reset>div{overflow:hidden}@keyframes fb_transform{from{opacity:0;transform:scale(.95)}to{opacity:1;transform:scale(1)}}.fb_animate{animation:fb_transform .3s forwards}
.fb_hidden{position:absolute;top:-10000px;z-index:10001}.fb_reposition{overflow:hidden;position:relative}.fb_invisible{display:none}.fb_reset{background:none;border:0px;border-spacing:0;color:#000;cursor:auto;direction:ltr;font-family:'lucida grande', tahoma, verdana, arial, sans-serif;font-size:11px;font-style:normal;font-variant:normal;font-weight:normal;letter-spacing:normal;line-height:1;margin:0;overflow:visible;padding:0;text-align:left;text-decoration:none;text-indent:0;text-shadow:none;text-transform:none;visibility:visible;white-space:normal;word-spacing:normal}.fb_reset>div{overflow:hidden}@keyframes fb_transform{from{opacity:0;transform:scale(.95)}to{opacity:1;transform:scale(1)}}.fb_animate{animation:fb_transform .3s forwards}
.fb_dialog{background:rgba(82,82,82,.7);position:absolute;top:-10000px;z-index:10001}.fb_dialog_advanced{border-radius:8px;padding:10px}.fb_dialog_content{background:#fff;color:#373737}.fb_dialog_close_icon{background:url(https://connect.facebook.net/rsrc.php/v4/yq/r/IE9JII6Z1Ys.png) no-repeat scroll 0 0 transparent;cursor:pointer;display:block;height:15px;position:absolute;right:18px;top:17px;width:15px}.fb_dialog_mobile .fb_dialog_close_icon{left:5px;right:auto;top:5px}.fb_dialog_padding{background-color:transparent;position:absolute;width:1px;z-index:-1}.fb_dialog_close_icon:hover{background:url(https://connect.facebook.net/rsrc.php/v4/yq/r/IE9JII6Z1Ys.png) no-repeat scroll 0 -15px transparent}.fb_dialog_close_icon:active{background:url(https://connect.facebook.net/rsrc.php/v4/yq/r/IE9JII6Z1Ys.png) no-repeat scroll 0 -30px transparent}.fb_dialog_iframe{line-height:0}.fb_dialog_content .dialog_title{background:#6d84b4;border:1px solid #365899;color:#fff;font-size:14px;font-weight:bold;margin:0}.fb_dialog_content .dialog_title>span{background:url(https://connect.facebook.net/rsrc.php/v4/yd/r/Cou7n-nqK52.gif) no-repeat 5px 50%;float:left;padding:5px 0 7px 26px}body.fb_hidden{height:100%;left:0px;margin:0px;overflow:visible;position:absolute;top:-10000px;transform:none;width:100%}.fb_dialog.fb_dialog_mobile.loading{background:url(https://connect.facebook.net/rsrc.php/v4/ya/r/3rhSv5V8j3o.gif) white no-repeat 50% 50%;min-height:100%;min-width:100%;overflow:hidden;position:absolute;top:0;z-index:10001}.fb_dialog.fb_dialog_mobile.loading.centered{background:none;height:auto;min-height:initial;min-width:initial;width:auto}.fb_dialog.fb_dialog_mobile.loading.centered #fb_dialog_loader_spinner{width:100%}.fb_dialog.fb_dialog_mobile.loading.centered .fb_dialog_content{background:none}.loading.centered #fb_dialog_loader_close{clear:both;color:white;display:block;font-size:18px;padding-top:20px}#fb-root #fb_dialog_ipad_overlay{background:rgba(0,0,0,.4);bottom:0;left:0;min-height:100%;position:absolute;right:0;top:0;width:100%;z-index:10000}#fb-root #fb_dialog_ipad_overlay.hidden{display:none}.fb_dialog.fb_dialog_mobile.loading iframe{visibility:hidden}.fb_dialog_mobile .fb_dialog_iframe{position:sticky;top:0}.fb_dialog_content .dialog_header{background:linear-gradient(from(#738aba), to(#2c4987));border-bottom:1px solid;border-color:#043b87;box-shadow:white 0px 1px 1px -1px inset;color:#fff;font:bold 14px Helvetica, sans-serif;text-overflow:ellipsis;text-shadow:rgba(0,30,84,.296875) 0px -1px 0px;vertical-align:middle;white-space:nowrap}.fb_dialog_content .dialog_header table{height:43px;width:100%}.fb_dialog_content .dialog_header td.header_left{font-size:12px;padding-left:5px;vertical-align:middle;width:60px}.fb_dialog_content .dialog_header td.header_right{font-size:12px;padding-right:5px;vertical-align:middle;width:60px}.fb_dialog_content .touchable_button{background:linear-gradient(from(#4267b2), to(#2a4887));background-clip:padding-box;border:1px solid #29487d;border-radius:3px;display:inline-block;line-height:18px;margin-top:3px;max-width:85px;padding:4px 12px;position:relative}.fb_dialog_content .dialog_header .touchable_button input{background:none;border:none;color:white;font:bold 12px Helvetica, sans-serif;margin:2px -12px;padding:2px 6px 3px 6px;text-shadow:rgba(0,30,84,.296875) 0px -1px 0px}.fb_dialog_content .dialog_header .header_center{color:#fff;font-size:16px;font-weight:bold;line-height:18px;text-align:center;vertical-align:middle}.fb_dialog_content .dialog_content{background:url(https://connect.facebook.net/rsrc.php/v4/y9/r/jKEcVPZFk-2.gif) no-repeat 50% 50%;border:1px solid #4a4a4a;border-bottom:0;border-top:0;height:150px}.fb_dialog_content .dialog_footer{background:#f5f6f7;border:1px solid #4a4a4a;border-top-color:#ccc;height:40px}#fb_dialog_loader_close{float:left}.fb_dialog.fb_dialog_mobile .fb_dialog_close_icon{visibility:hidden}#fb_dialog_loader_spinner{animation:rotateSpinner 1.2s linear infinite;background-color:transparent;background-image:url(https://connect.facebook.net/rsrc.php/v4/yD/r/t-wz8gw1xG1.png);background-position:50% 50%;background-repeat:no-repeat;height:24px;width:24px}@keyframes rotateSpinner{0%{transform:rotate(0deg)}100%{transform:rotate(360deg)}}
.fb_iframe_widget{display:inline-block;position:relative}.fb_iframe_widget span{display:inline-block;position:relative;text-align:justify}.fb_iframe_widget iframe{position:absolute}.fb_iframe_widget_fluid_desktop,.fb_iframe_widget_fluid_desktop span,.fb_iframe_widget_fluid_desktop iframe{max-width:100%}.fb_iframe_widget_fluid_desktop iframe{min-width:220px;position:relative}.fb_iframe_widget_lift{z-index:1}.fb_iframe_widget_fluid{display:inline}.fb_iframe_widget_fluid span{width:100%}</style><script type="text/javascript" charset="UTF-8" src="https://maps.googleapis.com/maps-api-v3/api/js/60/12/common.js"></script><script type="text/javascript" charset="UTF-8" src="https://maps.googleapis.com/maps-api-v3/api/js/60/12/util.js"></script></head>
    <body>

            <noscript><iframe src="https://www.googletagmanager.com/ns.html?id=GTM-K54HK82"
height="0" width="0" style="display:none;visibility:hidden"></iframe></noscript>

<header id="header_container" class="header_container">


            <div id="mainHeader" class="content_container">
                <div class="logo_container">

                    <a class="logo_link" title="Condisline" href="/">
                        <img class="logo_image" alt="Logotipo de Condisline" src="//static.condisline.com/static-app/j2_233f/images/logo-condisline.png" width="247">
                    </a>



                    <div class="site_container">

                        <div class="province_container" onclick="dataLayer.push({event:'event_gtm', category:'experiencia usuario', action:'cambio surtido'});">

                                    
                                        
                                            <span class="province" title="Establece el surtido de la web dependiendo de la Zona seleccionada Catalunya">Zona <span class="bold">Catalunya</span></span>
                                        
                                    
                                    <a class="province" title="Establece el surtido de la web dependiendo de la Zona seleccionada " href="https://www.condisline.ad" target="_blank">Zona <span class="bold">Andorra</span></a>
                        </div>

                        <div class="language_container" onclick="dataLayer.push({event:'event_gtm', category:'experiencia usuario', action:'cambio idioma'});">
                            
                                
                                    <span class="language" title="Cambiar a idioma Castellano" href="javascript:selectLang('es_ES');"><span class="text">idioma </span><span class="bold">Castellano</span></span>
                                
                            
                                
                                    <a class="language" title="Cambiar a idioma Català" href="javascript:selectLang('ca_ES');"><span class="text">idioma </span><span class="bold">Català</span></a>
                                
                            
                        </div>
                    </div>

                </div>


                <div id="search_form" class="search_container">
                    <label class="label_container">
                        <input id="term" type="search" name="term" autocomplete="off" maxlength="50" placeholder="Buscar productos">
                        <input type="hidden" id="source" name="source" value="directSearch">
                        <a id="search_button" class="search_button disabled" title="Buscar" onclick="javascript:directSearchButton()">&gt;</a>
                        <div id="searchingResults" class="ui-autocomplete">
                            <div id="suggestions" class="suggestions-class" style="display: none;"></div>
                            <div id="nextQueries" class="nextQueries-class" style="display: none;"></div>
                            <div id="relatedtags" class="relatedtags-class" style="display: none;"></div>
                        </div>
                    </label>
                </div>


                    <a class="cart_button" title="Ver mi carrito de la compra" href="/shoppingcart">
                        <div id="seccionCartSummaryHeadInfo">
    <span class="products_number">0</span>
    <div class="price_container">
        <span class="price"><span id="total_price_">0,00</span><span class="currency">€</span></span>
        <span class="cart_text">ver carrito</span>
     </div>

</div>
                    </a>

                    
<div id="unlogged_frame" style="display: block;">
    <a class="user_button" title="Ir a mi cuenta" href="javascript:showLogin();"><span id="login_name" title="Ir a mi cuenta" href="javascript:showLogin();">Mi cuenta</span></a>
</div>


<div id="logged_frame" style="display:none" class="user_button logged">
    <span id="logged_name"></span>
    <div class="user_options">
        <a class="user_option" title="Ir a mi cuenta" href="javascript:privateArea();">Ir a mi cuenta</a>
        <a class="user_option" title="Salir" href="javascript:sendLogout();">Salir</a>
    </div>
</div>


<div class="disponibility_container">
    <a id="disponibility_button" class="disponibility_button" title="Comprueba si tienes servicio" href="javascript:void(0);">Comprueba si tienes servicio<span></span></a>
    <div class="disponibility_content check_cp">
        <label class="disponibility_label">
            <input id="check_disponibility" type="text" maxlength="5" autocomplete="off">
            <span class="placeholder">Indica tu C.P.</span>
        </label>
        <a class="check_disponibility" title="Comprobar" href="javascript:checkServiceAvailability('SVC');" onclick="dataLayer.push({event:'event_gtm', category: 'experiencia usuario',action:'comprobar cobertura', label: $('#check_disponibility').val()});">COMPROBAR</a>
    </div>
    <div class="disponibility_content msg_cp">
        <p id="disponibility_ok" class="disponibility_text" style="display:none"><span>¡PERFECTO!</span>Tenemos servicio para la zona indicada</p>
        <p id="disponibility_ko" class="disponibility_text" style="display:none"><span>¡SERVICIO NO DISPONIBLE!</span>No tenemos servicio para la zona indicada</p>
    </div>
</div>



                <nav class="nav_container">
                    <ul class="menu_container">
                        <li id="quick_list_container" class="need_link_container">

                            <p class="need_link">¿Qué necesitas?</p>

                            <div id="notebook_container" class="notebook_container show" onclick="setTimeout(saveQuicklistState, 500)" style="display: none;"><div class="notebook">
    <div class="notebook_rings"></div>

    
        <p class="text_list">Escribe los productos que necesitas y compra más rápido. Por ejemplo:</p>
        <label class="list_container">
            <textarea id="quickListContent" class="list" onblur="javascript:setQuickList(this)"></textarea>
            <span id="quicklistPlaceHolder" class="placeholder">Sal<br>Paté<br>Cava</span>
        </label>
        <a class="orange_button" title="Buscar productos" href="javascript:void(0);" onclick="searchQuickList();">BUSCAR PRODUCTOS&nbsp;&nbsp;&gt;</a>

        <a class="white_button" title="Mis listas" href="javaScript: void(0);" onclick="javascript:initMiListasFromAsistente();dataLayer.push({event:'event_gtm', category:'acciones usuario', action:'ver mis listas'});">Mis listas</a>
    
</div>

</div>

                        </li>

                        
                            <li class="menu_link_container c01">
                                <span class="menu_link"><a title="Desplegar sección Alimentación" href="javascript:void(0);">Alimentación</a></span>
                                

                                    <div id="c01" name="c01" class="submenu">
                                        <ul class="submenu_container">
                                                    
                                                        

                                                            <li class="submenu_link_container">
                                                                <a class="submenu_link" title="Ir a sección Aceite y vinagre" href="/Alimentacion_Aceite-y-vinagre_c01_cat00020001_cat_es_ES.jsp">Aceite y vinagre</a>
                                                            </li>
                                                        

                                                            <li class="submenu_link_container">
                                                                <a class="submenu_link" title="Ir a sección Sal, salsas y especias" href="/Alimentacion_Sal-salsas-y-especias_c01_cat00020004_cat_es_ES.jsp">Sal, salsas y especias</a>
                                                            </li>
                                                        

                                                            <li class="submenu_link_container">
                                                                <a class="submenu_link" title="Ir a sección Arroz, pasta y legumbres secas" href="/Alimentacion_Arroz-pasta-y-legumbres-secas_c01_cat00090001_cat_es_ES.jsp">Arroz, pasta y legumbres secas</a>
                                                            </li>
                                                        

                                                            <li class="submenu_link_container">
                                                                <a class="submenu_link" title="Ir a sección Panes, harinas y masas" href="/Alimentacion_Panes-harinas-y-masas_c01_cat00190004_cat_es_ES.jsp">Panes, harinas y masas</a>
                                                            </li>
                                                        

                                                            <li class="submenu_link_container">
                                                                <a class="submenu_link" title="Ir a sección Caldos, cremas y purés" href="/Alimentacion_Caldos-cremas-y-pures_c01_cat00260001_cat_es_ES.jsp">Caldos, cremas y purés</a>
                                                            </li>
                                                        

                                                            <li class="submenu_link_container">
                                                                <a class="submenu_link" title="Ir a sección Patatas fritas y snacks" href="/Alimentacion_Patatas-fritas-y-snacks_c01_cat00050006_cat_es_ES.jsp">Patatas fritas y snacks</a>
                                                            </li>
                                                        

                                                            <li class="submenu_link_container">
                                                                <a class="submenu_link" title="Ir a sección Aceitunas y encurtidos" href="/Alimentacion_Aceitunas-y-encurtidos_c01_cat00050001_cat_es_ES.jsp">Aceitunas y encurtidos</a>
                                                            </li>
                                                        

                                                            <li class="submenu_link_container">
                                                                <a class="submenu_link" title="Ir a sección Frutos secos y deshidratados" href="/Alimentacion_Frutos-secos-y-deshidratados_c01_cat00050004_cat_es_ES.jsp">Frutos secos y deshidratados</a>
                                                            </li>
                                                        

                                                            <li class="submenu_link_container">
                                                                <a class="submenu_link" title="Ir a sección Conservas vegetales" href="/Alimentacion_Conservas-vegetales_c01_cat00130003_cat_es_ES.jsp">Conservas vegetales</a>
                                                            </li>
                                                        

                                                            <li class="submenu_link_container">
                                                                <a class="submenu_link" title="Ir a sección Conservas de carne" href="/Alimentacion_Conservas-de-carne_c01_cat00130001_cat_es_ES.jsp">Conservas de carne</a>
                                                            </li>
                                                        

                                                            <li class="submenu_link_container">
                                                                <a class="submenu_link" title="Ir a sección Conservas de pescado y marisco" href="/Alimentacion_Conservas-de-pescado-y-marisco_c01_cat00130002_cat_es_ES.jsp">Conservas de pescado y marisco</a>
                                                            </li>
                                                        

                                                            <li class="submenu_link_container">
                                                                <a class="submenu_link" title="Ir a sección Platos preparados" href="/Alimentacion_Platos-preparados_c01_cat00130008_cat_es_ES.jsp">Platos preparados</a>
                                                            </li>
                                                        

                                                            <li class="submenu_link_container">
                                                                <a class="submenu_link" title="Ir a sección Conservas de fruta" href="/Alimentacion_Conservas-de-fruta_c01_cat00130004_cat_es_ES.jsp">Conservas de fruta</a>
                                                            </li>
                                                        

                                                            <li class="submenu_link_container">
                                                                <a class="submenu_link" title="Ir a sección Dietéticos" href="/Alimentacion_Dieteticos_c01_cat00030001_cat_es_ES.jsp">Dietéticos</a>
                                                            </li>
                                                        
                                                
                                        </ul>

                                    

                                    </div>


                                
                            </li>
                        
                            <li class="menu_link_container c02">
                                <span class="menu_link"><a title="Desplegar sección Mundo placer" href="javascript:void(0);">Mundo placer</a></span>
                                

                                    <div id="c02" name="c02" class="submenu">
                                        <ul class="submenu_container">
                                                    
                                                        

                                                            <li class="submenu_link_container">
                                                                <a class="submenu_link" title="Ir a sección Chocolatinas y snacks" href="/Mundo-placer_Chocolatinas-y-snacks_c02_cat00110003_cat_es_ES.jsp">Chocolatinas y snacks</a>
                                                            </li>
                                                        

                                                            <li class="submenu_link_container">
                                                                <a class="submenu_link" title="Ir a sección Chocolates y bombones" href="/Mundo-placer_Chocolates-y-bombones_c02_cat00110002_cat_es_ES.jsp">Chocolates y bombones</a>
                                                            </li>
                                                        

                                                            <li class="submenu_link_container">
                                                                <a class="submenu_link" title="Ir a sección Cacao y cereales solubles" href="/Mundo-placer_Cacao-y-cereales-solubles_c02_cat00070002_cat_es_ES.jsp">Cacao y cereales solubles</a>
                                                            </li>
                                                        

                                                            <li class="submenu_link_container">
                                                                <a class="submenu_link" title="Ir a sección Café, té e infusiones" href="/Mundo-placer_Cafe-te-e-infusiones_c02_cat00070004_cat_es_ES.jsp">Café, té e infusiones</a>
                                                            </li>
                                                        

                                                            <li class="submenu_link_container">
                                                                <a class="submenu_link" title="Ir a sección Galletas" href="/Mundo-placer_Galletas_c02_cat00090003_cat_es_ES.jsp">Galletas</a>
                                                            </li>
                                                        

                                                            <li class="submenu_link_container">
                                                                <a class="submenu_link" title="Ir a sección Azúcar y edulcorantes" href="/Mundo-placer_Azucar-y-edulcorantes_c02_cat00170001_cat_es_ES.jsp">Azúcar y edulcorantes</a>
                                                            </li>
                                                        

                                                            <li class="submenu_link_container">
                                                                <a class="submenu_link" title="Ir a sección Postres y decoración" href="/Mundo-placer_Postres-y-decoracion_c02_cat00170006_cat_es_ES.jsp">Postres y decoración</a>
                                                            </li>
                                                        

                                                            <li class="submenu_link_container">
                                                                <a class="submenu_link" title="Ir a sección Caramelos y golosinas" href="/Mundo-placer_Caramelos-y-golosinas_c02_cat00170002_cat_es_ES.jsp">Caramelos y golosinas</a>
                                                            </li>
                                                        

                                                            <li class="submenu_link_container">
                                                                <a class="submenu_link" title="Ir a sección Pastelería y bollería" href="/Mundo-placer_Pasteleria-y-bolleria_c02_cat00170005_cat_es_ES.jsp">Pastelería y bollería</a>
                                                            </li>
                                                        

                                                            <li class="submenu_link_container">
                                                                <a class="submenu_link" title="Ir a sección Turrones y pastelería de navidad" href="/Mundo-placer_Turrones-y-pasteleria-de-navidad_c02_cat00170004_cat_es_ES.jsp">Turrones y pastelería de navidad</a>
                                                            </li>
                                                        

                                                            <li class="submenu_link_container">
                                                                <a class="submenu_link" title="Ir a sección Mermeladas y miel" href="/Mundo-placer_Mermeladas-y-miel_c02_cat00130005_cat_es_ES.jsp">Mermeladas y miel</a>
                                                            </li>
                                                        

                                                            <li class="submenu_link_container">
                                                                <a class="submenu_link" title="Ir a sección Cereales y barritas" href="/Mundo-placer_Cereales-y-barritas_c02_cat00090002_cat_es_ES.jsp">Cereales y barritas</a>
                                                            </li>
                                                        
                                                
                                        </ul>

                                    

                                    </div>


                                
                            </li>
                        
                            <li class="menu_link_container c03">
                                <span class="menu_link"><a title="Desplegar sección Frescos" href="javascript:void(0);">Frescos</a></span>
                                

                                    <div id="c03" name="c03" class="submenu">
                                        <ul class="submenu_container">
                                                    
                                                        

                                                            <li class="submenu_link_container">
                                                                <a class="submenu_link" title="Ir a sección Frutas" href="/Frescos_Frutas_c03_cat00150001_cat_es_ES.jsp">Frutas</a>
                                                            </li>
                                                        

                                                            <li class="submenu_link_container">
                                                                <a class="submenu_link" title="Ir a sección Verduras y hortalizas" href="/Frescos_Verduras-y-hortalizas_c03_cat00150002_cat_es_ES.jsp">Verduras y hortalizas</a>
                                                            </li>
                                                        

                                                            <li class="submenu_link_container">
                                                                <a class="submenu_link" title="Ir a sección Pescado y marisco" href="/Frescos_Pescado-y-marisco_c03_cat00290001_cat_es_ES.jsp">Pescado y marisco</a>
                                                            </li>
                                                        

                                                            <li class="submenu_link_container">
                                                                <a class="submenu_link" title="Ir a sección Aves y conejo" href="/Frescos_Aves-y-conejo_c03_cat00080001_cat_es_ES.jsp">Aves y conejo</a>
                                                            </li>
                                                        

                                                            <li class="submenu_link_container">
                                                                <a class="submenu_link" title="Ir a sección Cerdo" href="/Frescos_Cerdo_c03_cat00080002_cat_es_ES.jsp">Cerdo</a>
                                                            </li>
                                                        

                                                            <li class="submenu_link_container">
                                                                <a class="submenu_link" title="Ir a sección Vacuno y potro" href="/Frescos_Vacuno-y-potro_c03_cat00080005_cat_es_ES.jsp">Vacuno y potro</a>
                                                            </li>
                                                        

                                                            <li class="submenu_link_container">
                                                                <a class="submenu_link" title="Ir a sección Cordero y cabrito" href="/Frescos_Cordero-y-cabrito_c03_cat00080003_cat_es_ES.jsp">Cordero y cabrito</a>
                                                            </li>
                                                        

                                                            <li class="submenu_link_container">
                                                                <a class="submenu_link" title="Ir a sección Huevos" href="/Frescos_Huevos_c03_cat00080004_cat_es_ES.jsp">Huevos</a>
                                                            </li>
                                                        

                                                            <li class="submenu_link_container">
                                                                <a class="submenu_link" title="Ir a sección Charcutería" href="/Frescos_Charcuteria_c03_cat00100002_cat_es_ES.jsp">Charcutería</a>
                                                            </li>
                                                        

                                                            <li class="submenu_link_container">
                                                                <a class="submenu_link" title="Ir a sección Quesos" href="/Frescos_Quesos_c03_cat00230001_cat_es_ES.jsp">Quesos</a>
                                                            </li>
                                                        

                                                            <li class="submenu_link_container">
                                                                <a class="submenu_link" title="Ir a sección Ahumados y salazones" href="/Frescos_Ahumados-y-salazones_c03_cat00210010_cat_es_ES.jsp">Ahumados y salazones</a>
                                                            </li>
                                                        
                                                
                                        </ul>

                                    

                                    </div>


                                
                            </li>
                        
                            <li class="menu_link_container c04">
                                <span class="menu_link"><a title="Desplegar sección Refrigerados" href="javascript:void(0);">Refrigerados</a></span>
                                

                                    <div id="c04" name="c04" class="submenu">
                                        <ul class="submenu_container">
                                                    
                                                        

                                                            <li class="submenu_link_container">
                                                                <a class="submenu_link" title="Ir a sección Yogures" href="/Refrigerados_Yogures_c04_cat00210012_cat_es_ES.jsp">Yogures</a>
                                                            </li>
                                                        

                                                            <li class="submenu_link_container">
                                                                <a class="submenu_link" title="Ir a sección Postres y nata" href="/Refrigerados_Postres-y-nata_c04_cat00210009_cat_es_ES.jsp">Postres y nata</a>
                                                            </li>
                                                        

                                                            <li class="submenu_link_container">
                                                                <a class="submenu_link" title="Ir a sección Mantequillas y margarina" href="/Refrigerados_Mantequillas-y-margarina_c04_cat00210006_cat_es_ES.jsp">Mantequillas y margarina</a>
                                                            </li>
                                                        

                                                            <li class="submenu_link_container">
                                                                <a class="submenu_link" title="Ir a sección Bebida Vegetal, batidos y horchata" href="/Refrigerados_Bebida-Vegetal-batidos-y-horchata_c04_cat00210002_cat_es_ES.jsp">Bebida Vegetal, batidos y horchata</a>
                                                            </li>
                                                        

                                                            <li class="submenu_link_container">
                                                                <a class="submenu_link" title="Ir a sección Pasta y salsa fresca" href="/Refrigerados_Pasta-y-salsa-fresca_c04_cat00240005_cat_es_ES.jsp">Pasta y salsa fresca</a>
                                                            </li>
                                                        

                                                            <li class="submenu_link_container">
                                                                <a class="submenu_link" title="Ir a sección Pizzas frescas" href="/Refrigerados_Pizzas-frescas_c04_cat00240006_cat_es_ES.jsp">Pizzas frescas</a>
                                                            </li>
                                                        

                                                            <li class="submenu_link_container">
                                                                <a class="submenu_link" title="Ir a sección Platos preparados refrigerados" href="/Refrigerados_Platos-preparados-refrigerados_c04_cat119009_cat_es_ES.jsp">Platos preparados refrigerados</a>
                                                            </li>
                                                        
                                                
                                        </ul>

                                    

                                    </div>


                                
                            </li>
                        
                            <li class="menu_link_container c05">
                                <span class="menu_link"><a title="Desplegar sección Congelados" href="javascript:void(0);">Congelados</a></span>
                                

                                    <div id="c05" name="c05" class="submenu">
                                        <ul class="submenu_container">
                                                    
                                                        

                                                            <li class="submenu_link_container">
                                                                <a class="submenu_link" title="Ir a sección Verdura congelada" href="/Congelados_Verdura-congelada_c05_cat00120007_cat_es_ES.jsp">Verdura congelada</a>
                                                            </li>
                                                        

                                                            <li class="submenu_link_container">
                                                                <a class="submenu_link" title="Ir a sección Pescado congelado" href="/Congelados_Pescado-congelado_c05_cat00120002_cat_es_ES.jsp">Pescado congelado</a>
                                                            </li>
                                                        

                                                            <li class="submenu_link_container">
                                                                <a class="submenu_link" title="Ir a sección Platos preparados congelados" href="/Congelados_Platos-preparados-congelados_c05_cat00120005_cat_es_ES.jsp">Platos preparados congelados</a>
                                                            </li>
                                                        

                                                            <li class="submenu_link_container">
                                                                <a class="submenu_link" title="Ir a sección Pizzas congeladas y masas" href="/Congelados_Pizzas-congeladas-y-masas_c05_cat00120003_cat_es_ES.jsp">Pizzas congeladas y masas</a>
                                                            </li>
                                                        

                                                            <li class="submenu_link_container">
                                                                <a class="submenu_link" title="Ir a sección Panadería y pastelería congelada" href="/Congelados_Panaderia-y-pasteleria-congelada_c05_cat00120006_cat_es_ES.jsp">Panadería y pastelería congelada</a>
                                                            </li>
                                                        

                                                            <li class="submenu_link_container">
                                                                <a class="submenu_link" title="Ir a sección Helados" href="/Congelados_Helados_c05_cat00120001_cat_es_ES.jsp">Helados</a>
                                                            </li>
                                                        

                                                            <li class="submenu_link_container">
                                                                <a class="submenu_link" title="Ir a sección Hielo y otros congelados" href="/Congelados_Hielo-y-otros-congelados_c05_cat00120004_cat_es_ES.jsp">Hielo y otros congelados</a>
                                                            </li>
                                                        
                                                
                                        </ul>

                                    

                                    </div>


                                
                            </li>
                        
                            <li class="menu_link_container c06">
                                <span class="menu_link"><a title="Desplegar sección Bodega" href="javascript:void(0);">Bodega</a></span>
                                

                                    <div id="c06" name="c06" class="submenu">
                                        <ul class="submenu_container">
                                                    
                                                        

                                                            <li class="submenu_link_container">
                                                                <a class="submenu_link" title="Ir a sección Vinos tintos" href="/Bodega_Vinos-tintos_c06_cat00220005_cat_es_ES.jsp">Vinos tintos</a>
                                                            </li>
                                                        

                                                            <li class="submenu_link_container">
                                                                <a class="submenu_link" title="Ir a sección Vinos blancos" href="/Bodega_Vinos-blancos_c06_cat00220004_cat_es_ES.jsp">Vinos blancos</a>
                                                            </li>
                                                        

                                                            <li class="submenu_link_container">
                                                                <a class="submenu_link" title="Ir a sección Vinos rosados" href="/Bodega_Vinos-rosados_c06_cat00270002_cat_es_ES.jsp">Vinos rosados</a>
                                                            </li>
                                                        

                                                            <li class="submenu_link_container">
                                                                <a class="submenu_link" title="Ir a sección Finos, moscateles y vermuts" href="/Bodega_Finos-moscateles-y-vermuts_c06_cat00270003_cat_es_ES.jsp">Finos, moscateles y vermuts</a>
                                                            </li>
                                                        

                                                            <li class="submenu_link_container">
                                                                <a class="submenu_link" title="Ir a sección Vino de mesa y sangrías" href="/Bodega_Vino-de-mesa-y-sangrias_c06_cat00050009_cat_es_ES.jsp">Vino de mesa y sangrías</a>
                                                            </li>
                                                        

                                                            <li class="submenu_link_container">
                                                                <a class="submenu_link" title="Ir a sección Cava, champán y sidra" href="/Bodega_Cava-champan-y-sidra_c06_cat00220001_cat_es_ES.jsp">Cava, champán y sidra</a>
                                                            </li>
                                                        

                                                            <li class="submenu_link_container">
                                                                <a class="submenu_link" title="Ir a sección Licores" href="/Bodega_Licores_c06_cat00220002_cat_es_ES.jsp">Licores</a>
                                                            </li>
                                                        
                                                
                                        </ul>

                                    

                                    </div>


                                
                            </li>
                        
                            <li class="menu_link_container c07">
                                <span class="menu_link"><a title="Desplegar sección Bebidas" href="javascript:void(0);">Bebidas</a></span>
                                

                                    <div id="c07" name="c07" class="submenu">
                                        <ul class="submenu_container">
                                                    
                                                        

                                                            <li class="submenu_link_container">
                                                                <a class="submenu_link" title="Ir a sección Aguas y gaseosas" href="/Bebidas_Aguas-y-gaseosas_c07_cat00280001_cat_es_ES.jsp">Aguas y gaseosas</a>
                                                            </li>
                                                        

                                                            <li class="submenu_link_container">
                                                                <a class="submenu_link" title="Ir a sección Energéticas e isotónicas" href="/Bebidas_Energeticas-e-isotonicas_c07_cat00280004_cat_es_ES.jsp">Energéticas e isotónicas</a>
                                                            </li>
                                                        

                                                            <li class="submenu_link_container">
                                                                <a class="submenu_link" title="Ir a sección Zumos y cafés" href="/Bebidas_Zumos-y-cafes_c07_cat00280003_cat_es_ES.jsp">Zumos y cafés</a>
                                                            </li>
                                                        

                                                            <li class="submenu_link_container">
                                                                <a class="submenu_link" title="Ir a sección Bebida Vegetal, batidos y horchata" href="/Bebidas_Bebida-Vegetal-batidos-y-horchata_c07_cat00210002_cat_es_ES.jsp">Bebida Vegetal, batidos y horchata</a>
                                                            </li>
                                                        

                                                            <li class="submenu_link_container">
                                                                <a class="submenu_link" title="Ir a sección Leche" href="/Bebidas_Leche_c07_cat00210003_cat_es_ES.jsp">Leche</a>
                                                            </li>
                                                        

                                                            <li class="submenu_link_container">
                                                                <a class="submenu_link" title="Ir a sección Refrescos" href="/Bebidas_Refrescos_c07_cat00280002_cat_es_ES.jsp">Refrescos</a>
                                                            </li>
                                                        

                                                            <li class="submenu_link_container">
                                                                <a class="submenu_link" title="Ir a sección Cervezas" href="/Bebidas_Cervezas_c07_cat00270001_cat_es_ES.jsp">Cervezas</a>
                                                            </li>
                                                        
                                                
                                        </ul>

                                    

                                    </div>


                                
                            </li>
                        
                            <li class="menu_link_container c08">
                                <span class="menu_link"><a title="Desplegar sección Perfumeria e higiene" href="javascript:void(0);">Perfumeria e higiene</a></span>
                                

                                    <div id="c08" name="c08" class="submenu">
                                        <ul class="submenu_container">
                                                    
                                                        

                                                            <li class="submenu_link_container">
                                                                <a class="submenu_link" title="Ir a sección Productos capilares" href="/Perfumeria-e-higiene_Productos-capilares_c08_cat00160007_cat_es_ES.jsp">Productos capilares</a>
                                                            </li>
                                                        

                                                            <li class="submenu_link_container">
                                                                <a class="submenu_link" title="Ir a sección Productos corporales" href="/Perfumeria-e-higiene_Productos-corporales_c08_cat00160008_cat_es_ES.jsp">Productos corporales</a>
                                                            </li>
                                                        

                                                            <li class="submenu_link_container">
                                                                <a class="submenu_link" title="Ir a sección Desodorantes" href="/Perfumeria-e-higiene_Desodorantes_c08_cat00160004_cat_es_ES.jsp">Desodorantes</a>
                                                            </li>
                                                        

                                                            <li class="submenu_link_container">
                                                                <a class="submenu_link" title="Ir a sección Colonias y perfumes" href="/Perfumeria-e-higiene_Colonias-y-perfumes_c08_cat00160001_cat_es_ES.jsp">Colonias y perfumes</a>
                                                            </li>
                                                        

                                                            <li class="submenu_link_container">
                                                                <a class="submenu_link" title="Ir a sección Productos de afeitado" href="/Perfumeria-e-higiene_Productos-de-afeitado_c08_cat00160009_cat_es_ES.jsp">Productos de afeitado</a>
                                                            </li>
                                                        

                                                            <li class="submenu_link_container">
                                                                <a class="submenu_link" title="Ir a sección Cosméticos" href="/Perfumeria-e-higiene_Cosmeticos_c08_cat00160003_cat_es_ES.jsp">Cosméticos</a>
                                                            </li>
                                                        

                                                            <li class="submenu_link_container">
                                                                <a class="submenu_link" title="Ir a sección Higiene bucal" href="/Perfumeria-e-higiene_Higiene-bucal_c08_cat00160005_cat_es_ES.jsp">Higiene bucal</a>
                                                            </li>
                                                        

                                                            <li class="submenu_link_container">
                                                                <a class="submenu_link" title="Ir a sección Parafarmacia" href="/Perfumeria-e-higiene_Parafarmacia_c08_cat00010012_cat_es_ES.jsp">Parafarmacia</a>
                                                            </li>
                                                        

                                                            <li class="submenu_link_container">
                                                                <a class="submenu_link" title="Ir a sección Higiene femenina" href="/Perfumeria-e-higiene_Higiene-femenina_c08_cat00160006_cat_es_ES.jsp">Higiene femenina</a>
                                                            </li>
                                                        

                                                            <li class="submenu_link_container">
                                                                <a class="submenu_link" title="Ir a sección Productos solares" href="/Perfumeria-e-higiene_Productos-solares_c08_cat00160010_cat_es_ES.jsp">Productos solares</a>
                                                            </li>
                                                        

                                                            <li class="submenu_link_container">
                                                                <a class="submenu_link" title="Ir a sección Depilación" href="/Perfumeria-e-higiene_Depilacion_c08_cat00160011_cat_es_ES.jsp">Depilación</a>
                                                            </li>
                                                        
                                                
                                        </ul>

                                    

                                    </div>


                                
                            </li>
                        
                            <li class="menu_link_container c09">
                                <span class="menu_link"><a title="Desplegar sección Limpieza y hogar" href="javascript:void(0);">Limpieza y hogar</a></span>
                                

                                    <div id="c09" name="c09" class="submenu">
                                        <ul class="submenu_container">
                                                    
                                                        

                                                            <li class="submenu_link_container">
                                                                <a class="submenu_link" title="Ir a sección Lavado de la ropa y planchado" href="/Limpieza-y-hogar_Lavado-de-la-ropa-y-planchado_c09_cat00140002_cat_es_ES.jsp">Lavado de la ropa y planchado</a>
                                                            </li>
                                                        

                                                            <li class="submenu_link_container">
                                                                <a class="submenu_link" title="Ir a sección Lejías y otros desinfectantes" href="/Limpieza-y-hogar_Lejias-y-otros-desinfectantes_c09_cat00140005_cat_es_ES.jsp">Lejías y otros desinfectantes</a>
                                                            </li>
                                                        

                                                            <li class="submenu_link_container">
                                                                <a class="submenu_link" title="Ir a sección Limpiahogares" href="/Limpieza-y-hogar_Limpiahogares_c09_cat00010009_cat_es_ES.jsp">Limpiahogares</a>
                                                            </li>
                                                        

                                                            <li class="submenu_link_container">
                                                                <a class="submenu_link" title="Ir a sección Utensilios de limpieza" href="/Limpieza-y-hogar_Utensilios-de-limpieza_c09_cat00010001_cat_es_ES.jsp">Utensilios de limpieza</a>
                                                            </li>
                                                        

                                                            <li class="submenu_link_container">
                                                                <a class="submenu_link" title="Ir a sección Lavavajillas" href="/Limpieza-y-hogar_Lavavajillas_c09_cat00140004_cat_es_ES.jsp">Lavavajillas</a>
                                                            </li>
                                                        

                                                            <li class="submenu_link_container">
                                                                <a class="submenu_link" title="Ir a sección Ambientadores" href="/Limpieza-y-hogar_Ambientadores_c09_cat00140001_cat_es_ES.jsp">Ambientadores</a>
                                                            </li>
                                                        

                                                            <li class="submenu_link_container">
                                                                <a class="submenu_link" title="Ir a sección Insecticidas" href="/Limpieza-y-hogar_Insecticidas_c09_cat00140003_cat_es_ES.jsp">Insecticidas</a>
                                                            </li>
                                                        

                                                            <li class="submenu_link_container">
                                                                <a class="submenu_link" title="Ir a sección Celulosa, plástico y artículos deshechables" href="/Limpieza-y-hogar_Celulosa-plastico-y-articulos-deshechables_c09_cat00010005_cat_es_ES.jsp">Celulosa, plástico y artículos deshechables</a>
                                                            </li>
                                                        

                                                            <li class="submenu_link_container">
                                                                <a class="submenu_link" title="Ir a sección Básicos en el hogar" href="/Limpieza-y-hogar_Basicos-en-el-hogar_c09_cat00010004_cat_es_ES.jsp">Básicos en el hogar</a>
                                                            </li>
                                                        

                                                            <li class="submenu_link_container">
                                                                <a class="submenu_link" title="Ir a sección Básicos en la cocina" href="/Limpieza-y-hogar_Basicos-en-la-cocina_c09_cat00010010_cat_es_ES.jsp">Básicos en la cocina</a>
                                                            </li>
                                                        

                                                            <li class="submenu_link_container">
                                                                <a class="submenu_link" title="Ir a sección Jardinería y barbacoa" href="/Limpieza-y-hogar_Jardineria-y-barbacoa_c09_cat00010003_cat_es_ES.jsp">Jardinería y barbacoa</a>
                                                            </li>
                                                        
                                                
                                        </ul>

                                    

                                    </div>


                                
                            </li>
                        
                            <li class="menu_link_container c10">
                                <span class="menu_link"><a title="Desplegar sección Mundo bebe" href="javascript:void(0);">Mundo bebe</a></span>
                                

                                    <div id="c10" name="c10" class="submenu">
                                        <ul class="submenu_container">
                                                    
                                                        

                                                            <li class="submenu_link_container">
                                                                <a class="submenu_link" title="Ir a sección Pañales y toallitas" href="/Mundo-bebe_Panales-y-toallitas_c10_cat00060004_cat_es_ES.jsp">Pañales y toallitas</a>
                                                            </li>
                                                        

                                                            <li class="submenu_link_container">
                                                                <a class="submenu_link" title="Ir a sección Higiene y perfumería infantil" href="/Mundo-bebe_Higiene-y-perfumeria-infantil_c10_cat00060006_cat_es_ES.jsp">Higiene y perfumería infantil</a>
                                                            </li>
                                                        

                                                            <li class="submenu_link_container">
                                                                <a class="submenu_link" title="Ir a sección Potitos y platos infantiles" href="/Mundo-bebe_Potitos-y-platos-infantiles_c10_cat00060001_cat_es_ES.jsp">Potitos y platos infantiles</a>
                                                            </li>
                                                        

                                                            <li class="submenu_link_container">
                                                                <a class="submenu_link" title="Ir a sección Papillas" href="/Mundo-bebe_Papillas_c10_cat00060005_cat_es_ES.jsp">Papillas</a>
                                                            </li>
                                                        

                                                            <li class="submenu_link_container">
                                                                <a class="submenu_link" title="Ir a sección Leche, yogur i agua infantil" href="/Mundo-bebe_Leche-yogur-i-agua-infantil_c10_cat00060003_cat_es_ES.jsp">Leche, yogur i agua infantil</a>
                                                            </li>
                                                        
                                                
                                        </ul>

                                    

                                    </div>


                                
                            </li>
                        
                            <li class="menu_link_container c11">
                                <span class="menu_link"><a title="Desplegar sección Mundo mascota" href="javascript:void(0);">Mundo mascota</a></span>
                                

                                    <div id="c11" name="c11" class="submenu">
                                        <ul class="submenu_container">
                                                    
                                                        

                                                            <li class="submenu_link_container">
                                                                <a class="submenu_link" title="Ir a sección Alimentos para perros" href="/Mundo-mascota_Alimentos-para-perros_c11_cat00040004_cat_es_ES.jsp">Alimentos para perros</a>
                                                            </li>
                                                        

                                                            <li class="submenu_link_container">
                                                                <a class="submenu_link" title="Ir a sección Alimentos para gatos" href="/Mundo-mascota_Alimentos-para-gatos_c11_cat00040002_cat_es_ES.jsp">Alimentos para gatos</a>
                                                            </li>
                                                        

                                                            <li class="submenu_link_container">
                                                                <a class="submenu_link" title="Ir a sección Alimentos para otros animales" href="/Mundo-mascota_Alimentos-para-otros-animales_c11_cat00040005_cat_es_ES.jsp">Alimentos para otros animales</a>
                                                            </li>
                                                        

                                                            <li class="submenu_link_container">
                                                                <a class="submenu_link" title="Ir a sección Accesorios para animales" href="/Mundo-mascota_Accesorios-para-animales_c11_cat00040001_cat_es_ES.jsp">Accesorios para animales</a>
                                                            </li>
                                                        
                                                
                                        </ul>

                                    

                                    </div>


                                
                            </li>
                        
                    </ul>
                </nav>
</div></header>




        <main id="main_container" class="main_container" itemprop="mainContentOfPage">
            
                <div class="content_container">

    <div class="top_container">
        <span class="breadcrumbs">Estás en: Alimentación &gt; Arroz, pasta y legumbres secas</span>
        <h1 class="title">Arroz, pasta y legumbres secas</h1>
        <label class="order_container">
            Ordenar por:
            <select name="sorting" id="sorting" onchange="changeSortingCriteria(this, false)">
                <option value="relevance">Relevancia</option>
                <option value="alpha">Nombre</option>
                <option value="price">Precio</option>
            </select>
        </label>
    </div>

    
        <aside class="banner_container">
            
                
                    <a class="banner_link" title="Coca-Cola en promoción" href="/banner?catId=cat132002&amp;title=Coca-Cola en promoci%F3n&amp;source=banner">
                
            

             <img class="banner" alt="Coca-Cola en promoción" src="//static.condisline.com/resize_708x108/images/banners/upselling/cocacola/cocacola/may2025_1_es.jpg">

            
                </a>
            
        </aside>
    

    

<aside class="filter_section" style="display: block; margin-top: -205px; position: static;">
    
        <input type="hidden" id="famId" value="cat00090001">
    

    
        <input type="hidden" id="secId" value="c01">
    

    <!--OTROS FILTROS-->
    
        <div class="filter_container">
            <div class="title_filter_container">
                <span class="title_filter">FILTROS</span>
            </div>
            
                <label class="check_container filters gluten">
                    <input type="checkbox" name="noGluten" id="noGluten" onclick="javascript:setOtherFilter(this, 'noGluten', false)">
                    Sin Gluten <span>(9)</span>
                </label>
            
            
            
                <label class="check_container filters promotion">
                    <input type="checkbox" name="onPromotion" id="onPromotion" onclick="javascript:setOtherFilter(this, 'onPromotion', false)">
                    Promociones <span>(14)</span>
                </label>
            
            
            
                <label class="check_container filters condisBrand">
                    <input type="checkbox" name="condisBrand" id="condisBrand" onclick="javascript:setOtherFilter(this, 'condisBrand', false)">
                    Marca Propia <span>(25)</span>
                </label>
            
            <!--
            
                <label class="check_container">
                    <input type="checkbox" name="on_sale_filter" id="on_sale_filter" onclick="javascript:setOtherFilter(this, 'on_sale_filter', false)">
                    Oferta <span>(6)</span>
                </label>
            
            -->
        </div>
    

    <!--Variedad-->
    
        <div class="filter_container">
            <div class="title_filter_container">
                <h2 class="title_filter">VARIEDAD</h2>
            </div>

            

                <label class="check_container">
                    <input type="checkbox" name="cat001900010004" id="cat001900010004" onclick="javascript:setVariety(this, 'cat001900010004', false)">
                    Arroces <span>(29)</span>
                </label>
            

                <label class="check_container">
                    <input type="checkbox" name="cat001900040003" id="cat001900040003" onclick="javascript:setVariety(this, 'cat001900040003', false)">
                    Fideos y pasta para sopa <span>(23)</span>
                </label>
            

                <label class="check_container">
                    <input type="checkbox" name="cat001900040004" id="cat001900040004" onclick="javascript:setVariety(this, 'cat001900040004', false)">
                    Pasta tipo macarrones <span>(20)</span>
                </label>
            

                <label class="check_container">
                    <input type="checkbox" name="cat001900040006" id="cat001900040006" onclick="javascript:setVariety(this, 'cat001900040006', false)">
                    Spaghetti y tallarines <span>(18)</span>
                </label>
            

                <label class="check_container">
                    <input type="checkbox" name="cat001900030003" id="cat001900030003" onclick="javascript:setVariety(this, 'cat001900030003', false)">
                    Legumbres secas <span>(16)</span>
                </label>
            

                <label class="check_container">
                    <input type="checkbox" name="cat001900040007" id="cat001900040007" onclick="javascript:setVariety(this, 'cat001900040007', false)">
                    Pasta con huevo y de colores <span>(12)</span>
                </label>
            

                <label class="check_container">
                    <input type="checkbox" name="cat001900040013" id="cat001900040013" onclick="javascript:setVariety(this, 'cat001900040013', false)">
                    Sémolas, quinoa y semillas <span>(12)</span>
                </label>
            

                <label class="check_container">
                    <input type="checkbox" name="cat001900040002" id="cat001900040002" onclick="javascript:setVariety(this, 'cat001900040002', false)">
                    Pasta resto de tipos <span>(11)</span>
                </label>
            

                <label class="check_container">
                    <input type="checkbox" name="cat001900040012" id="cat001900040012" onclick="javascript:setVariety(this, 'cat001900040012', false)">
                    Placas canelones/lasaña <span>(5)</span>
                </label>
            
        </div>
    

    <!--Marca -->
    
        <div class="filter_container">
            <div class="title_filter_container">
                <h2 class="title_filter">MARCAS</h2>
            </div>

            
                <label class="check_container">
                    <input type="checkbox" name="129" id="129" onclick="javascript:setBrand(this, '129', false)">
                    BARILLA <span>(2)</span>
                </label>
            
                <label class="check_container">
                    <input type="checkbox" name="179" id="179" onclick="javascript:setBrand(this, '179', false)">
                    BRILLANTE <span>(10)</span>
                </label>
            
                <label class="check_container">
                    <input type="checkbox" name="1910" id="1910" onclick="javascript:setBrand(this, '1910', false)">
                    CASA AMELLA <span>(4)</span>
                </label>
            
                <label class="check_container">
                    <input type="checkbox" name="330" id="330" onclick="javascript:setBrand(this, '330', false)">
                    CONDIS <span>(25)</span>
                </label>
            
                <label class="check_container">
                    <input type="checkbox" name="631" id="631" onclick="javascript:setBrand(this, '631', false)">
                    EL PAVO <span>(3)</span>
                </label>
            
                <label class="check_container">
                    <input type="checkbox" name="750" id="750" onclick="javascript:setBrand(this, '750', false)">
                    GALLO <span>(54)</span>
                </label>
            
                <label class="check_container">
                    <input type="checkbox" name="2264" id="2264" onclick="javascript:setBrand(this, '2264', false)">
                    GARGALLO <span>(1)</span>
                </label>
            
                <label class="check_container">
                    <input type="checkbox" name="2291" id="2291" onclick="javascript:setBrand(this, '2291', false)">
                    GAROFALO <span>(5)</span>
                </label>
            
                <label class="check_container">
                    <input type="checkbox" name="1243" id="1243" onclick="javascript:setBrand(this, '1243', false)">
                    LA MOLISANA <span>(3)</span>
                </label>
            
                <label class="check_container">
                    <input type="checkbox" name="1375" id="1375" onclick="javascript:setBrand(this, '1375', false)">
                    LUENGO <span>(11)</span>
                </label>
            
                <label class="check_container">
                    <input type="checkbox" name="1503" id="1503" onclick="javascript:setBrand(this, '1503', false)">
                    MONTSIÀ <span>(1)</span>
                </label>
            
                <label class="check_container">
                    <input type="checkbox" name="1557" id="1557" onclick="javascript:setBrand(this, '1557', false)">
                    NOMEN <span>(12)</span>
                </label>
            
                <label class="check_container">
                    <input type="checkbox" name="1959" id="1959" onclick="javascript:setBrand(this, '1959', false)">
                    SCOTTI <span>(1)</span>
                </label>
            
                <label class="check_container">
                    <input type="checkbox" name="2785" id="2785" onclick="javascript:setBrand(this, '2785', false)">
                    SEGADORS DEL DELTA <span>(1)</span>
                </label>
            
                <label class="check_container">
                    <input type="checkbox" name="2796" id="2796" onclick="javascript:setBrand(this, '2796', false)">
                    SEO FOOD <span>(2)</span>
                </label>
            
                <label class="check_container">
                    <input type="checkbox" name="0" id="0" onclick="javascript:setBrand(this, '0', false)">
                    SIN MARCA <span>(3)</span>
                </label>
            
                <label class="check_container">
                    <input type="checkbox" name="2688" id="2688" onclick="javascript:setBrand(this, '2688', false)">
                    SOL NATURAL <span>(4)</span>
                </label>
            
                <label class="check_container">
                    <input type="checkbox" name="86" id="86" onclick="javascript:setBrand(this, '86', false)">
                    SOS <span>(3)</span>
                </label>
            
                <label class="check_container">
                    <input type="checkbox" name="2765" id="2765" onclick="javascript:setBrand(this, '2765', false)">
                    TILDA <span>(1)</span>
                </label>
            
        </div>
    

    <!--PRECIO-->
    
        <div class="filter_container">
            <span class="title_filter">PRECIO</span>
            
                <div id="range_slider" class="ui-slider ui-slider-horizontal ui-widget ui-widget-content ui-corner-all"><div class="ui-slider-range ui-widget-header ui-corner-all" style="left: 0%; width: 100%;"></div><span class="ui-slider-handle ui-state-default ui-corner-all" tabindex="0" style="left: 0%;"></span><span class="ui-slider-handle ui-state-default ui-corner-all" tabindex="0" style="left: 100%;"></span></div>
                    <span id="min_price" class="price min">0.79€</span>
                    <span id="max_price" class="price max">9.79€</span>
                    <input id="max_init_price" type="hidden" value="9.79">
                    <input id="min_init_price" type="hidden" value="0.79">
                    <input id="max_price_slide" type="hidden" value="9.79">
                    <input id="min_price_slide" type="hidden" value="0.79">
            
        </div>
    

    <!-- KCALORIAS -->
    
        <div class="filter_container">
            <span class="title_filter">KCAL</span>

            
                <div class="slider_container">
                    <div id="slider_bar" class="slider_range" style="width: 100%;">
                        <span id="kcal" class="selected_kcal">448</span>
                    </div>

                    <img class="slider_mask" alt="Control deslizante" src="//static.condisline.com/static-app/j2_233f/images/slider-mask.png" width="183">
                    <div id="slider" class="ui-slider ui-slider-horizontal ui-widget ui-widget-content ui-corner-all"><span class="ui-slider-handle ui-state-default ui-corner-all" tabindex="0" style="left: 100%;"></span></div>
                </div>

                <span id="min_kal" class="kcal min">136.0</span>
                <span id="max_kal" class="kcal max">448.0</span>

                <input id="min_kcal_slide" type="hidden" value="136.0">
                <input id="max_kcal_slide" type="hidden" value="448.0">
                <input id="max_init_kcal" type="hidden" value="448.0">
            

        </div>
    


</aside>

    <section id="articles_section" class="articles_section">
        <div id="articles_section_div" class="articles_scroll">
            <script>
    
        window.position = 1;
    

    
        window.moreProducts = true;
    

    window.actualPage = 0;

</script>

<script>
    startFiltersAndNotebook();
</script>


    <ul id="carousel_articles" class="articles_list" itemscope="" itemtype="http://schema.org/ItemList">
        
            <li class="article" itemprop="itemListElement" itemscope="" itemtype="http://schema.org/Product">
                
    <article class="article_container" id="item_description_121856">


    
        <a class="article_name" title="Ver ficha de ELICOIDALI GAROFALO  500 G" href="/ELICOIDALI-GAROFALO-500-G_121856_prd_es_ES.jsp" itemprop="url"><span itemprop="name" id="description_text">ELICOIDALI GAROFALO  500 G</span></a>
    

        <!--informacion de gluten y calorias -->
        <div class="info_container">

            
                <span class="calories">357 <span>kcal</span></span>
                <a class="info" title="Producto con 357 kilocalorías" href="javascript:void(0);">
                    <span class="info_text">Producto con 357 kilocalorías.</span>
                </a>
            

            
                
                    <img class="info_icon" alt="10% Descuento para suscriptores Condisline Prime" src="//static.condisline.com/resize_39x39/images/product_icons/icon_subscription.png" width="39" height="39">

                    
                        <a class="info" title="10% Descuento para suscriptores Condisline Prime" href="javascript:void(0);">
                            <span class="info_text">10% Descuento para suscriptores Condisline Prime</span>
                        </a>
                    
                
            
        </div>

        <img class="article_image" alt="ELICOIDALI GAROFALO  500 G" data-original="//static.condisline.com/resize_190x200/images/catalog/large/121856.jpg" src="//static.condisline.com/resize_190x200/images/catalog/large/121856.jpg" width="190" height="200" style="display: block;">

        <meta itemprop="image" content="//static.condisline.com/resize_190x200/images/catalog/large/121856.jpg">

        <div class="article_price_container" itemprop="offers" itemscope="" itemtype="http://schema.org/Offer">

            <!-- Price -->
            
                
                    <span class="offer">2ªu  50%,prod.-valor</span>
                
                <span class="article_price" itemprop="price"><span id="list_price_121856">1,79</span></span>
                <span class="currency">€</span>
                <script>
                    formatNumber('1.79', 'list_price_121856');
                </script>
            

            <meta itemprop="priceCurrency" content="EUR">
            <div class="unit_container">
                
                    <a class="substract_button" title="Menos" href="javascript:void(0);">-</a>
                
                <label class="quantity_container">
                    
                        
                            <input class="input_quantity_product" id="item_quantity_121856" type="number" data-product="121856" value="" min="1" max="999" required="" autocomplete="off">
                        
                    
                </label>
                
                    <a class="add_button" title="Más" href="javascript:void(0);">+</a>
                    <a class="added_tick" title="Cambiar unidades" href="javascript:void(0);"></a>
                
            </div>

            
                
                    <div class="article_pum">
                        <span>      3,58€/Kilo</span>
                    </div>
                
            

            
                
                    <a data-product-id="121856" class="orange_button btn_add2cart" title="Añadir al carrito" onclick="dataLayer.push({event: 'event_gtm',category:'acciones usuario', action:'a�adir producto desde listado'})" href="javascript:addToCartFromItemList('121856')">AÑADIR AL CARRITO &gt;</a>
                
            
            <span class="added_button">En carrito</span>

            
            
            <a class="white_button" title="Añadir a mi lista" href="javascript:addToListFromItemList('121856')" onclick="dataLayer.push({event: 'event_gtm',category:'acciones usuario', action:'a�adir producto a lista'});">Añadir a mi lista</a>
            
            
        </div>

        
            <a class="article_link" title="Ver ficha de ELICOIDALI GAROFALO  500 G" href="/ELICOIDALI-GAROFALO-500-G_121856_prd_es_ES.jsp" onclick="javascript:callingTaggingEnpoints('')" itemprop="url"></a>
        
        <div class="hover_container">
            <div class="hover">
                <div class="info_symbol"></div>
            </div>
        </div>

        
            <img width="116" height="114" src="//static.condisline.com/resize_128x128/images/product_icons_corner/promocion_50.png" alt="2ª unidad al  50%, en el producto de menor valor" class="promotion_image">
        

        
        <!-- <a class="more_info" title="Más información sobre la promoción" href="javascript:void(0);"> -->
        <a class="more_info" href="javascript:void(0);">
            <span class="tooltip">
                2ª unidad al  50%, en el producto de menor valor
                <span class="arrow"></span>
            </span>
        </a>
        
    </article>
            </li>
        
            <li class="article" itemprop="itemListElement" itemscope="" itemtype="http://schema.org/Product">
                
    <article class="article_container" id="item_description_121857">


    
        <a class="article_name" title="Ver ficha de FUSILLI GAROFALO  500 G" href="/FUSILLI-GAROFALO-500-G_121857_prd_es_ES.jsp" itemprop="url"><span itemprop="name" id="description_text">FUSILLI GAROFALO  500 G</span></a>
    

        <!--informacion de gluten y calorias -->
        <div class="info_container">

            
                <span class="calories">357 <span>kcal</span></span>
                <a class="info" title="Producto con 357 kilocalorías" href="javascript:void(0);">
                    <span class="info_text">Producto con 357 kilocalorías.</span>
                </a>
            

            
                
                    <img class="info_icon" alt="10% Descuento para suscriptores Condisline Prime" src="//static.condisline.com/resize_39x39/images/product_icons/icon_subscription.png" width="39" height="39">

                    
                        <a class="info" title="10% Descuento para suscriptores Condisline Prime" href="javascript:void(0);">
                            <span class="info_text">10% Descuento para suscriptores Condisline Prime</span>
                        </a>
                    
                
            
        </div>

        <img class="article_image" alt="FUSILLI GAROFALO  500 G" data-original="//static.condisline.com/resize_190x200/images/catalog/large/121857.jpg" src="//static.condisline.com/resize_190x200/images/catalog/large/121857.jpg" width="190" height="200" style="display: block;">

        <meta itemprop="image" content="//static.condisline.com/resize_190x200/images/catalog/large/121857.jpg">

        <div class="article_price_container" itemprop="offers" itemscope="" itemtype="http://schema.org/Offer">

            <!-- Price -->
            
                
                    <span class="offer">2ªu  50%,prod.-valor</span>
                
                <span class="article_price" itemprop="price"><span id="list_price_121857">1,79</span></span>
                <span class="currency">€</span>
                <script>
                    formatNumber('1.79', 'list_price_121857');
                </script>
            

            <meta itemprop="priceCurrency" content="EUR">
            <div class="unit_container">
                
                    <a class="substract_button" title="Menos" href="javascript:void(0);">-</a>
                
                <label class="quantity_container">
                    
                        
                            <input class="input_quantity_product" id="item_quantity_121857" type="number" data-product="121857" value="" min="1" max="999" required="" autocomplete="off">
                        
                    
                </label>
                
                    <a class="add_button" title="Más" href="javascript:void(0);">+</a>
                    <a class="added_tick" title="Cambiar unidades" href="javascript:void(0);"></a>
                
            </div>

            
                
                    <div class="article_pum">
                        <span>      3,58€/Kilo</span>
                    </div>
                
            

            
                
                    <a data-product-id="121857" class="orange_button btn_add2cart" title="Añadir al carrito" onclick="dataLayer.push({event: 'event_gtm',category:'acciones usuario', action:'a�adir producto desde listado'})" href="javascript:addToCartFromItemList('121857')">AÑADIR AL CARRITO &gt;</a>
                
            
            <span class="added_button">En carrito</span>

            
            
            <a class="white_button" title="Añadir a mi lista" href="javascript:addToListFromItemList('121857')" onclick="dataLayer.push({event: 'event_gtm',category:'acciones usuario', action:'a�adir producto a lista'});">Añadir a mi lista</a>
            
            
        </div>

        
            <a class="article_link" title="Ver ficha de FUSILLI GAROFALO  500 G" href="/FUSILLI-GAROFALO-500-G_121857_prd_es_ES.jsp" onclick="javascript:callingTaggingEnpoints('')" itemprop="url"></a>
        
        <div class="hover_container">
            <div class="hover">
                <div class="info_symbol"></div>
            </div>
        </div>

        
            <img width="116" height="114" src="//static.condisline.com/resize_128x128/images/product_icons_corner/promocion_50.png" alt="2ª unidad al  50%, en el producto de menor valor" class="promotion_image">
        

        
        <!-- <a class="more_info" title="Más información sobre la promoción" href="javascript:void(0);"> -->
        <a class="more_info" href="javascript:void(0);">
            <span class="tooltip">
                2ª unidad al  50%, en el producto de menor valor
                <span class="arrow"></span>
            </span>
        </a>
        
    </article>
            </li>
        
            <li class="article" itemprop="itemListElement" itemscope="" itemtype="http://schema.org/Product">
                
    <article class="article_container" id="item_description_722349">


    
        <a class="article_name" title="Ver ficha de LENTEJAS LUENGO PARDINA 500 G" href="/LENTEJAS-LUENGO-PARDINA-500-G_722349_prd_es_ES.jsp" itemprop="url"><span itemprop="name" id="description_text">LENTEJAS LUENGO PARDINA 500 G</span></a>
    

        <!--informacion de gluten y calorias -->
        <div class="info_container">

            
                <span class="calories">281 <span>kcal</span></span>
                <a class="info" title="Producto con 281 kilocalorías" href="javascript:void(0);">
                    <span class="info_text">Producto con 281 kilocalorías.</span>
                </a>
            

            
                
                    <img class="info_icon" alt="10% Descuento para suscriptores Condisline Prime" src="//static.condisline.com/resize_39x39/images/product_icons/icon_subscription.png" width="39" height="39">

                    
                        <a class="info" title="10% Descuento para suscriptores Condisline Prime" href="javascript:void(0);">
                            <span class="info_text">10% Descuento para suscriptores Condisline Prime</span>
                        </a>
                    
                
            
        </div>

        <img class="article_image" alt="LENTEJAS LUENGO PARDINA 500 G" data-original="//static.condisline.com/resize_190x200/images/catalog/large/722349.jpg" src="//static.condisline.com/resize_190x200/images/catalog/large/722349.jpg" width="190" height="200" style="display: block;">

        <meta itemprop="image" content="//static.condisline.com/resize_190x200/images/catalog/large/722349.jpg">

        <div class="article_price_container" itemprop="offers" itemscope="" itemtype="http://schema.org/Offer">

            <!-- Price -->
            
                
                    <span class="offer">Segunda Unidad 70%</span>
                
                <span class="article_price" itemprop="price"><span id="list_price_722349">2,07</span></span>
                <span class="currency">€</span>
                <script>
                    formatNumber('2.07', 'list_price_722349');
                </script>
            

            <meta itemprop="priceCurrency" content="EUR">
            <div class="unit_container">
                
                    <a class="substract_button" title="Menos" href="javascript:void(0);">-</a>
                
                <label class="quantity_container">
                    
                        
                            <input class="input_quantity_product" id="item_quantity_722349" type="number" data-product="722349" value="" min="1" max="999" required="" autocomplete="off">
                        
                    
                </label>
                
                    <a class="add_button" title="Más" href="javascript:void(0);">+</a>
                    <a class="added_tick" title="Cambiar unidades" href="javascript:void(0);"></a>
                
            </div>

            
                
                    <div class="article_pum">
                        <span>      4,14€/Kilo</span>
                    </div>
                
            

            
                
                    <a data-product-id="722349" class="orange_button btn_add2cart" title="Añadir al carrito" onclick="dataLayer.push({event: 'event_gtm',category:'acciones usuario', action:'a�adir producto desde listado'})" href="javascript:addToCartFromItemList('722349')">AÑADIR AL CARRITO &gt;</a>
                
            
            <span class="added_button">En carrito</span>

            
            
            <a class="white_button" title="Añadir a mi lista" href="javascript:addToListFromItemList('722349')" onclick="dataLayer.push({event: 'event_gtm',category:'acciones usuario', action:'a�adir producto a lista'});">Añadir a mi lista</a>
            
            
        </div>

        
            <a class="article_link" title="Ver ficha de LENTEJAS LUENGO PARDINA 500 G" href="/LENTEJAS-LUENGO-PARDINA-500-G_722349_prd_es_ES.jsp" onclick="javascript:callingTaggingEnpoints('')" itemprop="url"></a>
        
        <div class="hover_container">
            <div class="hover">
                <div class="info_symbol"></div>
            </div>
        </div>

        
            <img width="116" height="114" src="//static.condisline.com/resize_128x128/images/product_icons_corner/promocion_70.png" alt="Segunda Unidad 70% descuento" class="promotion_image">
        

        
        <!-- <a class="more_info" title="Más información sobre la promoción" href="javascript:void(0);"> -->
        <a class="more_info" href="javascript:void(0);">
            <span class="tooltip">
                Segunda Unidad 70% descuento
                <span class="arrow"></span>
            </span>
        </a>
        
    </article>
            </li>
        
            <li class="article" itemprop="itemListElement" itemscope="" itemtype="http://schema.org/Product">
                
    <article class="article_container" id="item_description_121858">


    
        <a class="article_name" title="Ver ficha de RADIATORI GAROFALO  500 G" href="/RADIATORI-GAROFALO-500-G_121858_prd_es_ES.jsp" itemprop="url"><span itemprop="name" id="description_text">RADIATORI GAROFALO  500 G</span></a>
    

        <!--informacion de gluten y calorias -->
        <div class="info_container">

            
                <span class="calories">357 <span>kcal</span></span>
                <a class="info" title="Producto con 357 kilocalorías" href="javascript:void(0);">
                    <span class="info_text">Producto con 357 kilocalorías.</span>
                </a>
            

            
                
                    <img class="info_icon" alt="10% Descuento para suscriptores Condisline Prime" src="//static.condisline.com/resize_39x39/images/product_icons/icon_subscription.png" width="39" height="39">

                    
                        <a class="info" title="10% Descuento para suscriptores Condisline Prime" href="javascript:void(0);">
                            <span class="info_text">10% Descuento para suscriptores Condisline Prime</span>
                        </a>
                    
                
            
        </div>

        <img class="article_image" alt="RADIATORI GAROFALO  500 G" data-original="//static.condisline.com/resize_190x200/images/catalog/large/121858.jpg" src="//static.condisline.com/resize_190x200/images/catalog/large/121858.jpg" width="190" height="200" style="display: block;">

        <meta itemprop="image" content="//static.condisline.com/resize_190x200/images/catalog/large/121858.jpg">

        <div class="article_price_container" itemprop="offers" itemscope="" itemtype="http://schema.org/Offer">

            <!-- Price -->
            
                
                    <span class="offer">2ªu  50%,prod.-valor</span>
                
                <span class="article_price" itemprop="price"><span id="list_price_121858">1,79</span></span>
                <span class="currency">€</span>
                <script>
                    formatNumber('1.79', 'list_price_121858');
                </script>
            

            <meta itemprop="priceCurrency" content="EUR">
            <div class="unit_container">
                
                    <a class="substract_button" title="Menos" href="javascript:void(0);">-</a>
                
                <label class="quantity_container">
                    
                        
                            <input class="input_quantity_product" id="item_quantity_121858" type="number" data-product="121858" value="" min="1" max="999" required="" autocomplete="off">
                        
                    
                </label>
                
                    <a class="add_button" title="Más" href="javascript:void(0);">+</a>
                    <a class="added_tick" title="Cambiar unidades" href="javascript:void(0);"></a>
                
            </div>

            
                
                    <div class="article_pum">
                        <span>      3,58€/Kilo</span>
                    </div>
                
            

            
                
                    <a data-product-id="121858" class="orange_button btn_add2cart" title="Añadir al carrito" onclick="dataLayer.push({event: 'event_gtm',category:'acciones usuario', action:'a�adir producto desde listado'})" href="javascript:addToCartFromItemList('121858')">AÑADIR AL CARRITO &gt;</a>
                
            
            <span class="added_button">En carrito</span>

            
            
            <a class="white_button" title="Añadir a mi lista" href="javascript:addToListFromItemList('121858')" onclick="dataLayer.push({event: 'event_gtm',category:'acciones usuario', action:'a�adir producto a lista'});">Añadir a mi lista</a>
            
            
        </div>

        
            <a class="article_link" title="Ver ficha de RADIATORI GAROFALO  500 G" href="/RADIATORI-GAROFALO-500-G_121858_prd_es_ES.jsp" onclick="javascript:callingTaggingEnpoints('')" itemprop="url"></a>
        
        <div class="hover_container">
            <div class="hover">
                <div class="info_symbol"></div>
            </div>
        </div>

        
            <img width="116" height="114" src="//static.condisline.com/resize_128x128/images/product_icons_corner/promocion_50.png" alt="2ª unidad al  50%, en el producto de menor valor" class="promotion_image">
        

        
        <!-- <a class="more_info" title="Más información sobre la promoción" href="javascript:void(0);"> -->
        <a class="more_info" href="javascript:void(0);">
            <span class="tooltip">
                2ª unidad al  50%, en el producto de menor valor
                <span class="arrow"></span>
            </span>
        </a>
        
    </article>
            </li>
        
            <li class="article" itemprop="itemListElement" itemscope="" itemtype="http://schema.org/Product">
                
    <article class="article_container" id="item_description_121854">


    
        <a class="article_name" title="Ver ficha de SPAGHETTI GAROFALO  500 G" href="/SPAGHETTI-GAROFALO-500-G_121854_prd_es_ES.jsp" itemprop="url"><span itemprop="name" id="description_text">SPAGHETTI GAROFALO  500 G</span></a>
    

        <!--informacion de gluten y calorias -->
        <div class="info_container">

            
                <span class="calories">357 <span>kcal</span></span>
                <a class="info" title="Producto con 357 kilocalorías" href="javascript:void(0);">
                    <span class="info_text">Producto con 357 kilocalorías.</span>
                </a>
            

            
                
                    <img class="info_icon" alt="10% Descuento para suscriptores Condisline Prime" src="//static.condisline.com/resize_39x39/images/product_icons/icon_subscription.png" width="39" height="39">

                    
                        <a class="info" title="10% Descuento para suscriptores Condisline Prime" href="javascript:void(0);">
                            <span class="info_text">10% Descuento para suscriptores Condisline Prime</span>
                        </a>
                    
                
            
        </div>

        <img class="article_image" alt="SPAGHETTI GAROFALO  500 G" data-original="//static.condisline.com/resize_190x200/images/catalog/large/121854.jpg" src="//static.condisline.com/resize_190x200/images/catalog/large/121854.jpg" width="190" height="200" style="display: block;">

        <meta itemprop="image" content="//static.condisline.com/resize_190x200/images/catalog/large/121854.jpg">

        <div class="article_price_container" itemprop="offers" itemscope="" itemtype="http://schema.org/Offer">

            <!-- Price -->
            
                
                    <span class="offer">2ªu  50%,prod.-valor</span>
                
                <span class="article_price" itemprop="price"><span id="list_price_121854">1,79</span></span>
                <span class="currency">€</span>
                <script>
                    formatNumber('1.79', 'list_price_121854');
                </script>
            

            <meta itemprop="priceCurrency" content="EUR">
            <div class="unit_container">
                
                    <a class="substract_button" title="Menos" href="javascript:void(0);">-</a>
                
                <label class="quantity_container">
                    
                        
                            <input class="input_quantity_product" id="item_quantity_121854" type="number" data-product="121854" value="" min="1" max="999" required="" autocomplete="off">
                        
                    
                </label>
                
                    <a class="add_button" title="Más" href="javascript:void(0);">+</a>
                    <a class="added_tick" title="Cambiar unidades" href="javascript:void(0);"></a>
                
            </div>

            
                
                    <div class="article_pum">
                        <span>      3,58€/Kilo</span>
                    </div>
                
            

            
                
                    <a data-product-id="121854" class="orange_button btn_add2cart" title="Añadir al carrito" onclick="dataLayer.push({event: 'event_gtm',category:'acciones usuario', action:'a�adir producto desde listado'})" href="javascript:addToCartFromItemList('121854')">AÑADIR AL CARRITO &gt;</a>
                
            
            <span class="added_button">En carrito</span>

            
            
            <a class="white_button" title="Añadir a mi lista" href="javascript:addToListFromItemList('121854')" onclick="dataLayer.push({event: 'event_gtm',category:'acciones usuario', action:'a�adir producto a lista'});">Añadir a mi lista</a>
            
            
        </div>

        
            <a class="article_link" title="Ver ficha de SPAGHETTI GAROFALO  500 G" href="/SPAGHETTI-GAROFALO-500-G_121854_prd_es_ES.jsp" onclick="javascript:callingTaggingEnpoints('')" itemprop="url"></a>
        
        <div class="hover_container">
            <div class="hover">
                <div class="info_symbol"></div>
            </div>
        </div>

        
            <img width="116" height="114" src="//static.condisline.com/resize_128x128/images/product_icons_corner/promocion_50.png" alt="2ª unidad al  50%, en el producto de menor valor" class="promotion_image">
        

        
        <!-- <a class="more_info" title="Más información sobre la promoción" href="javascript:void(0);"> -->
        <a class="more_info" href="javascript:void(0);">
            <span class="tooltip">
                2ª unidad al  50%, en el producto de menor valor
                <span class="arrow"></span>
            </span>
        </a>
        
    </article>
            </li>
        
            <li class="article" itemprop="itemListElement" itemscope="" itemtype="http://schema.org/Product">
                
    <article class="article_container" id="item_description_103049">


    
        <a class="article_name" title="Ver ficha de QUINOA SOS  250 G" href="/QUINOA-SOS-250-G_103049_prd_es_ES.jsp" itemprop="url"><span itemprop="name" id="description_text">QUINOA SOS  250 G</span></a>
    

        <!--informacion de gluten y calorias -->
        <div class="info_container">

            
                <span class="calories">361 <span>kcal</span></span>
                <a class="info" title="Producto con 361 kilocalorías" href="javascript:void(0);">
                    <span class="info_text">Producto con 361 kilocalorías.</span>
                </a>
            

            
                
                    <img class="info_icon" alt="10% Descuento para suscriptores Condisline Prime" src="//static.condisline.com/resize_39x39/images/product_icons/icon_subscription.png" width="39" height="39">

                    
                        <a class="info" title="10% Descuento para suscriptores Condisline Prime" href="javascript:void(0);">
                            <span class="info_text">10% Descuento para suscriptores Condisline Prime</span>
                        </a>
                    
                
            
        </div>

        <img class="article_image" alt="QUINOA SOS  250 G" data-original="//static.condisline.com/resize_190x200/images/catalog/large/103049.jpg" src="//static.condisline.com/resize_190x200/images/catalog/large/103049.jpg" width="190" height="200" style="display: block;">

        <meta itemprop="image" content="//static.condisline.com/resize_190x200/images/catalog/large/103049.jpg">

        <div class="article_price_container" itemprop="offers" itemscope="" itemtype="http://schema.org/Offer">

            <!-- Price -->
            
                
                    <span class="offer">Segunda Unidad 50%</span>
                
                <span class="article_price" itemprop="price"><span id="list_price_103049">1,95</span></span>
                <span class="currency">€</span>
                <script>
                    formatNumber('1.95', 'list_price_103049');
                </script>
            

            <meta itemprop="priceCurrency" content="EUR">
            <div class="unit_container">
                
                    <a class="substract_button" title="Menos" href="javascript:void(0);">-</a>
                
                <label class="quantity_container">
                    
                        
                            <input class="input_quantity_product" id="item_quantity_103049" type="number" data-product="103049" value="" min="1" max="999" required="" autocomplete="off">
                        
                    
                </label>
                
                    <a class="add_button" title="Más" href="javascript:void(0);">+</a>
                    <a class="added_tick" title="Cambiar unidades" href="javascript:void(0);"></a>
                
            </div>

            
                
                    <div class="article_pum">
                        <span>      7,80€/Kilo</span>
                    </div>
                
            

            
                
                    <a data-product-id="103049" class="orange_button btn_add2cart" title="Añadir al carrito" onclick="dataLayer.push({event: 'event_gtm',category:'acciones usuario', action:'a�adir producto desde listado'})" href="javascript:addToCartFromItemList('103049')">AÑADIR AL CARRITO &gt;</a>
                
            
            <span class="added_button">En carrito</span>

            
            
            <a class="white_button" title="Añadir a mi lista" href="javascript:addToListFromItemList('103049')" onclick="dataLayer.push({event: 'event_gtm',category:'acciones usuario', action:'a�adir producto a lista'});">Añadir a mi lista</a>
            
            
        </div>

        
            <a class="article_link" title="Ver ficha de QUINOA SOS  250 G" href="/QUINOA-SOS-250-G_103049_prd_es_ES.jsp" onclick="javascript:callingTaggingEnpoints('')" itemprop="url"></a>
        
        <div class="hover_container">
            <div class="hover">
                <div class="info_symbol"></div>
            </div>
        </div>

        
            <img width="116" height="114" src="//static.condisline.com/resize_128x128/images/product_icons_corner/promocion_50.png" alt="Segunda Unidad 50% descuento" class="promotion_image">
        

        
        <!-- <a class="more_info" title="Más información sobre la promoción" href="javascript:void(0);"> -->
        <a class="more_info" href="javascript:void(0);">
            <span class="tooltip">
                Segunda Unidad 50% descuento
                <span class="arrow"></span>
            </span>
        </a>
        
    </article>
            </li>
        
            <li class="article" itemprop="itemListElement" itemscope="" itemtype="http://schema.org/Product">
                
    <article class="article_container" id="item_description_121861">


    
        <a class="article_name" title="Ver ficha de TAGLIATELLE GAROFALO NIDO 500 G" href="/TAGLIATELLE-GAROFALO-NIDO-500-G_121861_prd_es_ES.jsp" itemprop="url"><span itemprop="name" id="description_text">TAGLIATELLE GAROFALO NIDO 500 G</span></a>
    

        <!--informacion de gluten y calorias -->
        <div class="info_container">

            
                <span class="calories">357 <span>kcal</span></span>
                <a class="info" title="Producto con 357 kilocalorías" href="javascript:void(0);">
                    <span class="info_text">Producto con 357 kilocalorías.</span>
                </a>
            

            
                
                    <img class="info_icon" alt="10% Descuento para suscriptores Condisline Prime" src="//static.condisline.com/resize_39x39/images/product_icons/icon_subscription.png" width="39" height="39">

                    
                        <a class="info" title="10% Descuento para suscriptores Condisline Prime" href="javascript:void(0);">
                            <span class="info_text">10% Descuento para suscriptores Condisline Prime</span>
                        </a>
                    
                
            
        </div>

        <img class="article_image" alt="TAGLIATELLE GAROFALO NIDO 500 G" data-original="//static.condisline.com/resize_190x200/images/catalog/large/121861.jpg" src="//static.condisline.com/resize_190x200/images/catalog/large/121861.jpg" width="190" height="200" style="display: block;">

        <meta itemprop="image" content="//static.condisline.com/resize_190x200/images/catalog/large/121861.jpg">

        <div class="article_price_container" itemprop="offers" itemscope="" itemtype="http://schema.org/Offer">

            <!-- Price -->
            
                
                    <span class="offer">2ªu  50%,prod.-valor</span>
                
                <span class="article_price" itemprop="price"><span id="list_price_121861">2,95</span></span>
                <span class="currency">€</span>
                <script>
                    formatNumber('2.95', 'list_price_121861');
                </script>
            

            <meta itemprop="priceCurrency" content="EUR">
            <div class="unit_container">
                
                    <a class="substract_button" title="Menos" href="javascript:void(0);">-</a>
                
                <label class="quantity_container">
                    
                        
                            <input class="input_quantity_product" id="item_quantity_121861" type="number" data-product="121861" value="" min="1" max="999" required="" autocomplete="off">
                        
                    
                </label>
                
                    <a class="add_button" title="Más" href="javascript:void(0);">+</a>
                    <a class="added_tick" title="Cambiar unidades" href="javascript:void(0);"></a>
                
            </div>

            
                
                    <div class="article_pum">
                        <span>      5,90€/Kilo</span>
                    </div>
                
            

            
                
                    <a data-product-id="121861" class="orange_button btn_add2cart" title="Añadir al carrito" onclick="dataLayer.push({event: 'event_gtm',category:'acciones usuario', action:'a�adir producto desde listado'})" href="javascript:addToCartFromItemList('121861')">AÑADIR AL CARRITO &gt;</a>
                
            
            <span class="added_button">En carrito</span>

            
            
            <a class="white_button" title="Añadir a mi lista" href="javascript:addToListFromItemList('121861')" onclick="dataLayer.push({event: 'event_gtm',category:'acciones usuario', action:'a�adir producto a lista'});">Añadir a mi lista</a>
            
            
        </div>

        
            <a class="article_link" title="Ver ficha de TAGLIATELLE GAROFALO NIDO 500 G" href="/TAGLIATELLE-GAROFALO-NIDO-500-G_121861_prd_es_ES.jsp" onclick="javascript:callingTaggingEnpoints('')" itemprop="url"></a>
        
        <div class="hover_container">
            <div class="hover">
                <div class="info_symbol"></div>
            </div>
        </div>

        
            <img width="116" height="114" src="//static.condisline.com/resize_128x128/images/product_icons_corner/promocion_50.png" alt="2ª unidad al  50%, en el producto de menor valor" class="promotion_image">
        

        
        <!-- <a class="more_info" title="Más información sobre la promoción" href="javascript:void(0);"> -->
        <a class="more_info" href="javascript:void(0);">
            <span class="tooltip">
                2ª unidad al  50%, en el producto de menor valor
                <span class="arrow"></span>
            </span>
        </a>
        
    </article>
            </li>
        
            <li class="article" itemprop="itemListElement" itemscope="" itemtype="http://schema.org/Product">
                
    <article class="article_container" id="item_description_104040">


    
        <a class="article_name" title="Ver ficha de ARROZ TILDA BASMATI 1 KG" href="/ARROZ-TILDA-BASMATI-1-KG_104040_prd_es_ES.jsp" itemprop="url"><span itemprop="name" id="description_text">ARROZ TILDA BASMATI 1 KG</span></a>
    

        <!--informacion de gluten y calorias -->
        <div class="info_container">

            
                <span class="calories">353 <span>kcal</span></span>
                <a class="info" title="Producto con 353 kilocalorías" href="javascript:void(0);">
                    <span class="info_text">Producto con 353 kilocalorías.</span>
                </a>
            

            
                
                    <img class="info_icon" alt="10% Descuento para suscriptores Condisline Prime" src="//static.condisline.com/resize_39x39/images/product_icons/icon_subscription.png" width="39" height="39">

                    
                        <a class="info" title="10% Descuento para suscriptores Condisline Prime" href="javascript:void(0);">
                            <span class="info_text">10% Descuento para suscriptores Condisline Prime</span>
                        </a>
                    
                
            
        </div>

        <img class="article_image" alt="ARROZ TILDA BASMATI 1 KG" data-original="//static.condisline.com/resize_190x200/images/catalog/large/104040.jpg" src="//static.condisline.com/resize_190x200/images/catalog/large/104040.jpg" width="190" height="200" style="display: block;">

        <meta itemprop="image" content="//static.condisline.com/resize_190x200/images/catalog/large/104040.jpg">

        <div class="article_price_container" itemprop="offers" itemscope="" itemtype="http://schema.org/Offer">

            <!-- Price -->
            
                
                    <span class="offer">Segunda Unidad 50%</span>
                
                <span class="article_price" itemprop="price"><span id="list_price_104040">3,45</span></span>
                <span class="currency">€</span>
                <script>
                    formatNumber('3.45', 'list_price_104040');
                </script>
            

            <meta itemprop="priceCurrency" content="EUR">
            <div class="unit_container">
                
                    <a class="substract_button" title="Menos" href="javascript:void(0);">-</a>
                
                <label class="quantity_container">
                    
                        
                            <input class="input_quantity_product" id="item_quantity_104040" type="number" data-product="104040" value="" min="1" max="999" required="" autocomplete="off">
                        
                    
                </label>
                
                    <a class="add_button" title="Más" href="javascript:void(0);">+</a>
                    <a class="added_tick" title="Cambiar unidades" href="javascript:void(0);"></a>
                
            </div>

            
                
                    <div class="article_pum">
                        <span>      3,45€/Kilo</span>
                    </div>
                
            

            
                
                    <a data-product-id="104040" class="orange_button btn_add2cart" title="Añadir al carrito" onclick="dataLayer.push({event: 'event_gtm',category:'acciones usuario', action:'a�adir producto desde listado'})" href="javascript:addToCartFromItemList('104040')">AÑADIR AL CARRITO &gt;</a>
                
            
            <span class="added_button">En carrito</span>

            
            
            <a class="white_button" title="Añadir a mi lista" href="javascript:addToListFromItemList('104040')" onclick="dataLayer.push({event: 'event_gtm',category:'acciones usuario', action:'a�adir producto a lista'});">Añadir a mi lista</a>
            
            
        </div>

        
            <a class="article_link" title="Ver ficha de ARROZ TILDA BASMATI 1 KG" href="/ARROZ-TILDA-BASMATI-1-KG_104040_prd_es_ES.jsp" onclick="javascript:callingTaggingEnpoints('')" itemprop="url"></a>
        
        <div class="hover_container">
            <div class="hover">
                <div class="info_symbol"></div>
            </div>
        </div>

        
            <img width="116" height="114" src="//static.condisline.com/resize_128x128/images/product_icons_corner/promocion_50.png" alt="Segunda Unidad 50% descuento" class="promotion_image">
        

        
        <!-- <a class="more_info" title="Más información sobre la promoción" href="javascript:void(0);"> -->
        <a class="more_info" href="javascript:void(0);">
            <span class="tooltip">
                Segunda Unidad 50% descuento
                <span class="arrow"></span>
            </span>
        </a>
        
    </article>
            </li>
        
            <li class="article" itemprop="itemListElement" itemscope="" itemtype="http://schema.org/Product">
                
    <article class="article_container" id="item_description_103048">


    
        <a class="article_name" title="Ver ficha de ARROZ SCOTTI ARBORIO PARA RISOTTO 500 G" href="/ARROZ-SCOTTI-ARBORIO-PARA-RISOTTO-500-G_103048_prd_es_ES.jsp" itemprop="url"><span itemprop="name" id="description_text">ARROZ SCOTTI ARBORIO PARA RISOTTO 500 G</span></a>
    

        <!--informacion de gluten y calorias -->
        <div class="info_container">

            
                <span class="calories">351 <span>kcal</span></span>
                <a class="info" title="Producto con 351 kilocalorías" href="javascript:void(0);">
                    <span class="info_text">Producto con 351 kilocalorías.</span>
                </a>
            

            
                
                    <img class="info_icon" alt="10% Descuento para suscriptores Condisline Prime" src="//static.condisline.com/resize_39x39/images/product_icons/icon_subscription.png" width="39" height="39">

                    
                        <a class="info" title="10% Descuento para suscriptores Condisline Prime" href="javascript:void(0);">
                            <span class="info_text">10% Descuento para suscriptores Condisline Prime</span>
                        </a>
                    
                
            
        </div>

        <img class="article_image" alt="ARROZ SCOTTI ARBORIO PARA RISOTTO 500 G" data-original="//static.condisline.com/resize_190x200/images/catalog/large/103048.jpg" src="//static.condisline.com/resize_190x200/images/catalog/large/103048.jpg" width="190" height="200" style="display: block;">

        <meta itemprop="image" content="//static.condisline.com/resize_190x200/images/catalog/large/103048.jpg">

        <div class="article_price_container" itemprop="offers" itemscope="" itemtype="http://schema.org/Offer">

            <!-- Price -->
            
                
                    <span class="offer">Segunda Unidad 50%</span>
                
                <span class="article_price" itemprop="price"><span id="list_price_103048">1,97</span></span>
                <span class="currency">€</span>
                <script>
                    formatNumber('1.97', 'list_price_103048');
                </script>
            

            <meta itemprop="priceCurrency" content="EUR">
            <div class="unit_container">
                
                    <a class="substract_button" title="Menos" href="javascript:void(0);">-</a>
                
                <label class="quantity_container">
                    
                        
                            <input class="input_quantity_product" id="item_quantity_103048" type="number" data-product="103048" value="" min="1" max="999" required="" autocomplete="off">
                        
                    
                </label>
                
                    <a class="add_button" title="Más" href="javascript:void(0);">+</a>
                    <a class="added_tick" title="Cambiar unidades" href="javascript:void(0);"></a>
                
            </div>

            
                
                    <div class="article_pum">
                        <span>      3,94€/Kilo</span>
                    </div>
                
            

            
                
                    <a data-product-id="103048" class="orange_button btn_add2cart" title="Añadir al carrito" onclick="dataLayer.push({event: 'event_gtm',category:'acciones usuario', action:'a�adir producto desde listado'})" href="javascript:addToCartFromItemList('103048')">AÑADIR AL CARRITO &gt;</a>
                
            
            <span class="added_button">En carrito</span>

            
            
            <a class="white_button" title="Añadir a mi lista" href="javascript:addToListFromItemList('103048')" onclick="dataLayer.push({event: 'event_gtm',category:'acciones usuario', action:'a�adir producto a lista'});">Añadir a mi lista</a>
            
            
        </div>

        
            <a class="article_link" title="Ver ficha de ARROZ SCOTTI ARBORIO PARA RISOTTO 500 G" href="/ARROZ-SCOTTI-ARBORIO-PARA-RISOTTO-500-G_103048_prd_es_ES.jsp" onclick="javascript:callingTaggingEnpoints('')" itemprop="url"></a>
        
        <div class="hover_container">
            <div class="hover">
                <div class="info_symbol"></div>
            </div>
        </div>

        
            <img width="116" height="114" src="//static.condisline.com/resize_128x128/images/product_icons_corner/promocion_50.png" alt="Segunda Unidad 50% descuento" class="promotion_image">
        

        
        <!-- <a class="more_info" title="Más información sobre la promoción" href="javascript:void(0);"> -->
        <a class="more_info" href="javascript:void(0);">
            <span class="tooltip">
                Segunda Unidad 50% descuento
                <span class="arrow"></span>
            </span>
        </a>
        
    </article>
            </li>
        
            <li class="article" itemprop="itemListElement" itemscope="" itemtype="http://schema.org/Product">
                
    <article class="article_container" id="item_description_122146">


    
        <a class="article_name" title="Ver ficha de FUSILLI LA MOLISAN INTEGRAL 500 G" href="/FUSILLI-LA-MOLISAN-INTEGRAL-500-G_122146_prd_es_ES.jsp" itemprop="url"><span itemprop="name" id="description_text">FUSILLI LA MOLISAN INTEGRAL 500 G</span></a>
    

        <!--informacion de gluten y calorias -->
        <div class="info_container">

            
                <span class="calories">353 <span>kcal</span></span>
                <a class="info" title="Producto con 353 kilocalorías" href="javascript:void(0);">
                    <span class="info_text">Producto con 353 kilocalorías.</span>
                </a>
            

            
                
                    <img class="info_icon" alt="10% Descuento para suscriptores Condisline Prime" src="//static.condisline.com/resize_39x39/images/product_icons/icon_subscription.png" width="39" height="39">

                    
                        <a class="info" title="10% Descuento para suscriptores Condisline Prime" href="javascript:void(0);">
                            <span class="info_text">10% Descuento para suscriptores Condisline Prime</span>
                        </a>
                    
                
            
        </div>

        <img class="article_image" alt="FUSILLI LA MOLISAN INTEGRAL 500 G" data-original="//static.condisline.com/resize_190x200/images/catalog/large/122146.jpg" src="//static.condisline.com/resize_190x200/images/catalog/large/122146.jpg" width="190" height="200" style="display: block;">

        <meta itemprop="image" content="//static.condisline.com/resize_190x200/images/catalog/large/122146.jpg">

        <div class="article_price_container" itemprop="offers" itemscope="" itemtype="http://schema.org/Offer">

            <!-- Price -->
            
                
                    <span class="offer">Segunda Unidad 50%</span>
                
                <span class="article_price" itemprop="price"><span id="list_price_122146">1,99</span></span>
                <span class="currency">€</span>
                <script>
                    formatNumber('1.99', 'list_price_122146');
                </script>
            

            <meta itemprop="priceCurrency" content="EUR">
            <div class="unit_container">
                
                    <a class="substract_button" title="Menos" href="javascript:void(0);">-</a>
                
                <label class="quantity_container">
                    
                        
                            <input class="input_quantity_product" id="item_quantity_122146" type="number" data-product="122146" value="" min="1" max="999" required="" autocomplete="off">
                        
                    
                </label>
                
                    <a class="add_button" title="Más" href="javascript:void(0);">+</a>
                    <a class="added_tick" title="Cambiar unidades" href="javascript:void(0);"></a>
                
            </div>

            
                
                    <div class="article_pum">
                        <span>      3,98€/Kilo</span>
                    </div>
                
            

            
                
                    <a data-product-id="122146" class="orange_button btn_add2cart" title="Añadir al carrito" onclick="dataLayer.push({event: 'event_gtm',category:'acciones usuario', action:'a�adir producto desde listado'})" href="javascript:addToCartFromItemList('122146')">AÑADIR AL CARRITO &gt;</a>
                
            
            <span class="added_button">En carrito</span>

            
            
            <a class="white_button" title="Añadir a mi lista" href="javascript:addToListFromItemList('122146')" onclick="dataLayer.push({event: 'event_gtm',category:'acciones usuario', action:'a�adir producto a lista'});">Añadir a mi lista</a>
            
            
        </div>

        
            <a class="article_link" title="Ver ficha de FUSILLI LA MOLISAN INTEGRAL 500 G" href="/FUSILLI-LA-MOLISAN-INTEGRAL-500-G_122146_prd_es_ES.jsp" onclick="javascript:callingTaggingEnpoints('')" itemprop="url"></a>
        
        <div class="hover_container">
            <div class="hover">
                <div class="info_symbol"></div>
            </div>
        </div>

        
            <img width="116" height="114" src="//static.condisline.com/resize_128x128/images/product_icons_corner/promocion_50.png" alt="Segunda Unidad 50% descuento" class="promotion_image">
        

        
        <!-- <a class="more_info" title="Más información sobre la promoción" href="javascript:void(0);"> -->
        <a class="more_info" href="javascript:void(0);">
            <span class="tooltip">
                Segunda Unidad 50% descuento
                <span class="arrow"></span>
            </span>
        </a>
        
    </article>
            </li>
        
            <li class="article" itemprop="itemListElement" itemscope="" itemtype="http://schema.org/Product">
                
    <article class="article_container" id="item_description_103055">


    
        <a class="article_name" title="Ver ficha de CHÍA SOS VIDASANA 200 G" href="/CHIA-SOS-VIDASANA-200-G_103055_prd_es_ES.jsp" itemprop="url"><span itemprop="name" id="description_text">CHÍA SOS VIDASANA 200 G</span></a>
    

        <!--informacion de gluten y calorias -->
        <div class="info_container">

            
                <span class="calories">448 <span>kcal</span></span>
                <a class="info" title="Producto con 448 kilocalorías" href="javascript:void(0);">
                    <span class="info_text">Producto con 448 kilocalorías.</span>
                </a>
            

            
                
                    <img class="info_icon" alt="10% Descuento para suscriptores Condisline Prime" src="//static.condisline.com/resize_39x39/images/product_icons/icon_subscription.png" width="39" height="39">

                    
                        <a class="info" title="10% Descuento para suscriptores Condisline Prime" href="javascript:void(0);">
                            <span class="info_text">10% Descuento para suscriptores Condisline Prime</span>
                        </a>
                    
                
            
        </div>

        <img class="article_image" alt="CHÍA SOS VIDASANA 200 G" data-original="//static.condisline.com/resize_190x200/images/catalog/large/103055.jpg" src="//static.condisline.com/resize_190x200/images/catalog/large/103055.jpg" width="190" height="200" style="display: block;">

        <meta itemprop="image" content="//static.condisline.com/resize_190x200/images/catalog/large/103055.jpg">

        <div class="article_price_container" itemprop="offers" itemscope="" itemtype="http://schema.org/Offer">

            <!-- Price -->
            
                
                    <span class="offer">Segunda Unidad 50%</span>
                
                <span class="article_price" itemprop="price"><span id="list_price_103055">1,95</span></span>
                <span class="currency">€</span>
                <script>
                    formatNumber('1.95', 'list_price_103055');
                </script>
            

            <meta itemprop="priceCurrency" content="EUR">
            <div class="unit_container">
                
                    <a class="substract_button" title="Menos" href="javascript:void(0);">-</a>
                
                <label class="quantity_container">
                    
                        
                            <input class="input_quantity_product" id="item_quantity_103055" type="number" data-product="103055" value="" min="1" max="999" required="" autocomplete="off">
                        
                    
                </label>
                
                    <a class="add_button" title="Más" href="javascript:void(0);">+</a>
                    <a class="added_tick" title="Cambiar unidades" href="javascript:void(0);"></a>
                
            </div>

            
                
                    <div class="article_pum">
                        <span>      9,75€/Kilo</span>
                    </div>
                
            

            
                
                    <a data-product-id="103055" class="orange_button btn_add2cart" title="Añadir al carrito" onclick="dataLayer.push({event: 'event_gtm',category:'acciones usuario', action:'a�adir producto desde listado'})" href="javascript:addToCartFromItemList('103055')">AÑADIR AL CARRITO &gt;</a>
                
            
            <span class="added_button">En carrito</span>

            
            
            <a class="white_button" title="Añadir a mi lista" href="javascript:addToListFromItemList('103055')" onclick="dataLayer.push({event: 'event_gtm',category:'acciones usuario', action:'a�adir producto a lista'});">Añadir a mi lista</a>
            
            
        </div>

        
            <a class="article_link" title="Ver ficha de CHÍA SOS VIDASANA 200 G" href="/CHIA-SOS-VIDASANA-200-G_103055_prd_es_ES.jsp" onclick="javascript:callingTaggingEnpoints('')" itemprop="url"></a>
        
        <div class="hover_container">
            <div class="hover">
                <div class="info_symbol"></div>
            </div>
        </div>

        
            <img width="116" height="114" src="//static.condisline.com/resize_128x128/images/product_icons_corner/promocion_50.png" alt="Segunda Unidad 50% descuento" class="promotion_image">
        

        
        <!-- <a class="more_info" title="Más información sobre la promoción" href="javascript:void(0);"> -->
        <a class="more_info" href="javascript:void(0);">
            <span class="tooltip">
                Segunda Unidad 50% descuento
                <span class="arrow"></span>
            </span>
        </a>
        
    </article>
            </li>
        
            <li class="article" itemprop="itemListElement" itemscope="" itemtype="http://schema.org/Product">
                
    <article class="article_container" id="item_description_118069">


    
        <a class="article_name" title="Ver ficha de SPAGUETTI XL GALLO AL BRONCE 450 G" href="/SPAGUETTI-XL-GALLO-AL-BRONCE-450-G_118069_prd_es_ES.jsp" itemprop="url"><span itemprop="name" id="description_text">SPAGUETTI XL GALLO AL BRONCE 450 G</span></a>
    

        <!--informacion de gluten y calorias -->
        <div class="info_container">

            
                <span class="calories">344 <span>kcal</span></span>
                <a class="info" title="Producto con 344 kilocalorías" href="javascript:void(0);">
                    <span class="info_text">Producto con 344 kilocalorías.</span>
                </a>
            

            
                
                    <img class="info_icon" alt="10% Descuento para suscriptores Condisline Prime" src="//static.condisline.com/resize_39x39/images/product_icons/icon_subscription.png" width="39" height="39">

                    
                        <a class="info" title="10% Descuento para suscriptores Condisline Prime" href="javascript:void(0);">
                            <span class="info_text">10% Descuento para suscriptores Condisline Prime</span>
                        </a>
                    
                
            
        </div>

        <img class="article_image" alt="SPAGUETTI XL GALLO AL BRONCE 450 G" data-original="//static.condisline.com/resize_190x200/images/catalog/large/118069.jpg" src="//static.condisline.com/resize_190x200/images/catalog/large/118069.jpg" width="190" height="200" style="display: block;">

        <meta itemprop="image" content="//static.condisline.com/resize_190x200/images/catalog/large/118069.jpg">

        <div class="article_price_container" itemprop="offers" itemscope="" itemtype="http://schema.org/Offer">

            <!-- Price -->
            
                
                    <span class="offer">Segunda Unidad 50%</span>
                
                <span class="article_price" itemprop="price"><span id="list_price_118069">1,39</span></span>
                <span class="currency">€</span>
                <script>
                    formatNumber('1.39', 'list_price_118069');
                </script>
            

            <meta itemprop="priceCurrency" content="EUR">
            <div class="unit_container">
                
                    <a class="substract_button" title="Menos" href="javascript:void(0);">-</a>
                
                <label class="quantity_container">
                    
                        
                            <input class="input_quantity_product" id="item_quantity_118069" type="number" data-product="118069" value="" min="1" max="999" required="" autocomplete="off">
                        
                    
                </label>
                
                    <a class="add_button" title="Más" href="javascript:void(0);">+</a>
                    <a class="added_tick" title="Cambiar unidades" href="javascript:void(0);"></a>
                
            </div>

            
                
                    <div class="article_pum">
                        <span>      3,09€/Kilo</span>
                    </div>
                
            

            
                
                    <a data-product-id="118069" class="orange_button btn_add2cart" title="Añadir al carrito" onclick="dataLayer.push({event: 'event_gtm',category:'acciones usuario', action:'a�adir producto desde listado'})" href="javascript:addToCartFromItemList('118069')">AÑADIR AL CARRITO &gt;</a>
                
            
            <span class="added_button">En carrito</span>

            
            
            <a class="white_button" title="Añadir a mi lista" href="javascript:addToListFromItemList('118069')" onclick="dataLayer.push({event: 'event_gtm',category:'acciones usuario', action:'a�adir producto a lista'});">Añadir a mi lista</a>
            
            
        </div>

        
            <a class="article_link" title="Ver ficha de SPAGUETTI XL GALLO AL BRONCE 450 G" href="/SPAGUETTI-XL-GALLO-AL-BRONCE-450-G_118069_prd_es_ES.jsp" onclick="javascript:callingTaggingEnpoints('')" itemprop="url"></a>
        
        <div class="hover_container">
            <div class="hover">
                <div class="info_symbol"></div>
            </div>
        </div>

        
            <img width="116" height="114" src="//static.condisline.com/resize_128x128/images/product_icons_corner/promocion_50.png" alt="Segunda Unidad 50% descuento" class="promotion_image">
        

        
        <!-- <a class="more_info" title="Más información sobre la promoción" href="javascript:void(0);"> -->
        <a class="more_info" href="javascript:void(0);">
            <span class="tooltip">
                Segunda Unidad 50% descuento
                <span class="arrow"></span>
            </span>
        </a>
        
    </article>
            </li>
        
            <li class="article" itemprop="itemListElement" itemscope="" itemtype="http://schema.org/Product">
                
    <article class="article_container" id="item_description_118068">


    
        <a class="article_name" title="Ver ficha de PLUMAS XL GALLO AL BRONCE 450 G" href="/PLUMAS-XL-GALLO-AL-BRONCE-450-G_118068_prd_es_ES.jsp" itemprop="url"><span itemprop="name" id="description_text">PLUMAS XL GALLO AL BRONCE 450 G</span></a>
    

        <!--informacion de gluten y calorias -->
        <div class="info_container">

            
                <span class="calories">344 <span>kcal</span></span>
                <a class="info" title="Producto con 344 kilocalorías" href="javascript:void(0);">
                    <span class="info_text">Producto con 344 kilocalorías.</span>
                </a>
            

            
                
                    <img class="info_icon" alt="10% Descuento para suscriptores Condisline Prime" src="//static.condisline.com/resize_39x39/images/product_icons/icon_subscription.png" width="39" height="39">

                    
                        <a class="info" title="10% Descuento para suscriptores Condisline Prime" href="javascript:void(0);">
                            <span class="info_text">10% Descuento para suscriptores Condisline Prime</span>
                        </a>
                    
                
            
        </div>

        <img class="article_image" alt="PLUMAS XL GALLO AL BRONCE 450 G" data-original="//static.condisline.com/resize_190x200/images/catalog/large/118068.jpg" src="//static.condisline.com/resize_190x200/images/catalog/large/118068.jpg" width="190" height="200" style="display: block;">

        <meta itemprop="image" content="//static.condisline.com/resize_190x200/images/catalog/large/118068.jpg">

        <div class="article_price_container" itemprop="offers" itemscope="" itemtype="http://schema.org/Offer">

            <!-- Price -->
            
                
                    <span class="offer">Segunda Unidad 50%</span>
                
                <span class="article_price" itemprop="price"><span id="list_price_118068">1,39</span></span>
                <span class="currency">€</span>
                <script>
                    formatNumber('1.39', 'list_price_118068');
                </script>
            

            <meta itemprop="priceCurrency" content="EUR">
            <div class="unit_container">
                
                    <a class="substract_button" title="Menos" href="javascript:void(0);">-</a>
                
                <label class="quantity_container">
                    
                        
                            <input class="input_quantity_product" id="item_quantity_118068" type="number" data-product="118068" value="" min="1" max="999" required="" autocomplete="off">
                        
                    
                </label>
                
                    <a class="add_button" title="Más" href="javascript:void(0);">+</a>
                    <a class="added_tick" title="Cambiar unidades" href="javascript:void(0);"></a>
                
            </div>

            
                
                    <div class="article_pum">
                        <span>      3,09€/Kilo</span>
                    </div>
                
            

            
                
                    <a data-product-id="118068" class="orange_button btn_add2cart" title="Añadir al carrito" onclick="dataLayer.push({event: 'event_gtm',category:'acciones usuario', action:'a�adir producto desde listado'})" href="javascript:addToCartFromItemList('118068')">AÑADIR AL CARRITO &gt;</a>
                
            
            <span class="added_button">En carrito</span>

            
            
            <a class="white_button" title="Añadir a mi lista" href="javascript:addToListFromItemList('118068')" onclick="dataLayer.push({event: 'event_gtm',category:'acciones usuario', action:'a�adir producto a lista'});">Añadir a mi lista</a>
            
            
        </div>

        
            <a class="article_link" title="Ver ficha de PLUMAS XL GALLO AL BRONCE 450 G" href="/PLUMAS-XL-GALLO-AL-BRONCE-450-G_118068_prd_es_ES.jsp" onclick="javascript:callingTaggingEnpoints('')" itemprop="url"></a>
        
        <div class="hover_container">
            <div class="hover">
                <div class="info_symbol"></div>
            </div>
        </div>

        
            <img width="116" height="114" src="//static.condisline.com/resize_128x128/images/product_icons_corner/promocion_50.png" alt="Segunda Unidad 50% descuento" class="promotion_image">
        

        
        <!-- <a class="more_info" title="Más información sobre la promoción" href="javascript:void(0);"> -->
        <a class="more_info" href="javascript:void(0);">
            <span class="tooltip">
                Segunda Unidad 50% descuento
                <span class="arrow"></span>
            </span>
        </a>
        
    </article>
            </li>
        
            <li class="article" itemprop="itemListElement" itemscope="" itemtype="http://schema.org/Product">
                
    <article class="article_container" id="item_description_118074">


    
        <a class="article_name" title="Ver ficha de HÉLICES XL GALLO AL BRONCE 450 G" href="/HELICES-XL-GALLO-AL-BRONCE-450-G_118074_prd_es_ES.jsp" itemprop="url"><span itemprop="name" id="description_text">HÉLICES XL GALLO AL BRONCE 450 G</span></a>
    

        <!--informacion de gluten y calorias -->
        <div class="info_container">

            
                <span class="calories">344 <span>kcal</span></span>
                <a class="info" title="Producto con 344 kilocalorías" href="javascript:void(0);">
                    <span class="info_text">Producto con 344 kilocalorías.</span>
                </a>
            

            
                
                    <img class="info_icon" alt="10% Descuento para suscriptores Condisline Prime" src="//static.condisline.com/resize_39x39/images/product_icons/icon_subscription.png" width="39" height="39">

                    
                        <a class="info" title="10% Descuento para suscriptores Condisline Prime" href="javascript:void(0);">
                            <span class="info_text">10% Descuento para suscriptores Condisline Prime</span>
                        </a>
                    
                
            
        </div>

        <img class="article_image" alt="HÉLICES XL GALLO AL BRONCE 450 G" data-original="//static.condisline.com/resize_190x200/images/catalog/large/118074.jpg" src="//static.condisline.com/resize_190x200/images/catalog/large/118074.jpg" width="190" height="200" style="display: block;">

        <meta itemprop="image" content="//static.condisline.com/resize_190x200/images/catalog/large/118074.jpg">

        <div class="article_price_container" itemprop="offers" itemscope="" itemtype="http://schema.org/Offer">

            <!-- Price -->
            
                
                    <span class="offer">Segunda Unidad 50%</span>
                
                <span class="article_price" itemprop="price"><span id="list_price_118074">1,39</span></span>
                <span class="currency">€</span>
                <script>
                    formatNumber('1.39', 'list_price_118074');
                </script>
            

            <meta itemprop="priceCurrency" content="EUR">
            <div class="unit_container">
                
                    <a class="substract_button" title="Menos" href="javascript:void(0);">-</a>
                
                <label class="quantity_container">
                    
                        
                            <input class="input_quantity_product" id="item_quantity_118074" type="number" data-product="118074" value="" min="1" max="999" required="" autocomplete="off">
                        
                    
                </label>
                
                    <a class="add_button" title="Más" href="javascript:void(0);">+</a>
                    <a class="added_tick" title="Cambiar unidades" href="javascript:void(0);"></a>
                
            </div>

            
                
                    <div class="article_pum">
                        <span>      3,09€/Kilo</span>
                    </div>
                
            

            
                
                    <a data-product-id="118074" class="orange_button btn_add2cart" title="Añadir al carrito" onclick="dataLayer.push({event: 'event_gtm',category:'acciones usuario', action:'a�adir producto desde listado'})" href="javascript:addToCartFromItemList('118074')">AÑADIR AL CARRITO &gt;</a>
                
            
            <span class="added_button">En carrito</span>

            
            
            <a class="white_button" title="Añadir a mi lista" href="javascript:addToListFromItemList('118074')" onclick="dataLayer.push({event: 'event_gtm',category:'acciones usuario', action:'a�adir producto a lista'});">Añadir a mi lista</a>
            
            
        </div>

        
            <a class="article_link" title="Ver ficha de HÉLICES XL GALLO AL BRONCE 450 G" href="/HELICES-XL-GALLO-AL-BRONCE-450-G_118074_prd_es_ES.jsp" onclick="javascript:callingTaggingEnpoints('')" itemprop="url"></a>
        
        <div class="hover_container">
            <div class="hover">
                <div class="info_symbol"></div>
            </div>
        </div>

        
            <img width="116" height="114" src="//static.condisline.com/resize_128x128/images/product_icons_corner/promocion_50.png" alt="Segunda Unidad 50% descuento" class="promotion_image">
        

        
        <!-- <a class="more_info" title="Más información sobre la promoción" href="javascript:void(0);"> -->
        <a class="more_info" href="javascript:void(0);">
            <span class="tooltip">
                Segunda Unidad 50% descuento
                <span class="arrow"></span>
            </span>
        </a>
        
    </article>
            </li>
        
            <li class="article" itemprop="itemListElement" itemscope="" itemtype="http://schema.org/Product">
                
    <article class="article_container" id="item_description_121982">


    
        <a class="article_name" title="Ver ficha de PASTA GALLO ESPAGUETI N.3 900 G" href="/PASTA-GALLO-ESPAGUETI-N-3-900-G_121982_prd_es_ES.jsp" itemprop="url"><span itemprop="name" id="description_text">PASTA GALLO ESPAGUETI N.3 900 G</span></a>
    

        <!--informacion de gluten y calorias -->
        <div class="info_container">

            
                <span class="calories">344 <span>kcal</span></span>
                <a class="info" title="Producto con 344 kilocalorías" href="javascript:void(0);">
                    <span class="info_text">Producto con 344 kilocalorías.</span>
                </a>
            

            
                
                    <img class="info_icon" alt="10% Descuento para suscriptores Condisline Prime" src="//static.condisline.com/resize_39x39/images/product_icons/icon_subscription.png" width="39" height="39">

                    
                        <a class="info" title="10% Descuento para suscriptores Condisline Prime" href="javascript:void(0);">
                            <span class="info_text">10% Descuento para suscriptores Condisline Prime</span>
                        </a>
                    
                
            
        </div>

        <img class="article_image" alt="PASTA GALLO ESPAGUETI N.3 900 G" data-original="//static.condisline.com/resize_190x200/images/catalog/large/121982.jpg" src="//static.condisline.com/resize_190x200/images/catalog/large/121982.jpg" width="190" height="200" style="display: block;">

        <meta itemprop="image" content="//static.condisline.com/resize_190x200/images/catalog/large/121982.jpg">

        <div class="article_price_container" itemprop="offers" itemscope="" itemtype="http://schema.org/Offer">

            <!-- Price -->
            
                <span class="offer">Antes <span id="list_price_121982">2,57</span>€</span>
                <span class="article_price" itemprop="price"><span id="sale_price_121982">1,99</span></span>
                <span class="currency">€</span>
                <script>
                    formatNumber('2.57', 'list_price_121982');
                    formatNumber('1.99', 'sale_price_121982');
                </script>
            

            <meta itemprop="priceCurrency" content="EUR">
            <div class="unit_container">
                
                    <a class="substract_button" title="Menos" href="javascript:void(0);">-</a>
                
                <label class="quantity_container">
                    
                        
                            <input class="input_quantity_product" id="item_quantity_121982" type="number" data-product="121982" value="" min="1" max="999" required="" autocomplete="off">
                        
                    
                </label>
                
                    <a class="add_button" title="Más" href="javascript:void(0);">+</a>
                    <a class="added_tick" title="Cambiar unidades" href="javascript:void(0);"></a>
                
            </div>

            
                
                    <div class="article_pum">
                        <span>      2,21€/Kilo</span>
                    </div>
                
            

            
                
                    <a data-product-id="121982" class="orange_button btn_add2cart" title="Añadir al carrito" onclick="dataLayer.push({event: 'event_gtm',category:'acciones usuario', action:'a�adir producto desde listado'})" href="javascript:addToCartFromItemList('121982')">AÑADIR AL CARRITO &gt;</a>
                
            
            <span class="added_button">En carrito</span>

            
            
            <a class="white_button" title="Añadir a mi lista" href="javascript:addToListFromItemList('121982')" onclick="dataLayer.push({event: 'event_gtm',category:'acciones usuario', action:'a�adir producto a lista'});">Añadir a mi lista</a>
            
            
        </div>

        
            <a class="article_link" title="Ver ficha de PASTA GALLO ESPAGUETI N.3 900 G" href="/PASTA-GALLO-ESPAGUETI-N-3-900-G_121982_prd_es_ES.jsp" onclick="javascript:callingTaggingEnpoints('')" itemprop="url"></a>
        
        <div class="hover_container">
            <div class="hover">
                <div class="info_symbol"></div>
            </div>
        </div>

        
            <img width="116" height="114" src="//static.condisline.com/resize_128x128/images/product_icons_corner/oferta_grande.png" alt="" class="promotion_image">
        

        
    </article>
            </li>
        
            <li class="article" itemprop="itemListElement" itemscope="" itemtype="http://schema.org/Product">
                
    <article class="article_container" id="item_description_103005">


    
        <a class="article_name" title="Ver ficha de ARROZ NOMEN  500 G" href="/ARROZ-NOMEN-500-G_103005_prd_es_ES.jsp" itemprop="url"><span itemprop="name" id="description_text">ARROZ NOMEN  500 G</span></a>
    

        <!--informacion de gluten y calorias -->
        <div class="info_container">

            
                <span class="calories">346 <span>kcal</span></span>
                <a class="info" title="Producto con 346 kilocalorías" href="javascript:void(0);">
                    <span class="info_text">Producto con 346 kilocalorías.</span>
                </a>
            

            
                
                    <img class="info_icon" alt="10% Descuento para suscriptores Condisline Prime" src="//static.condisline.com/resize_39x39/images/product_icons/icon_subscription.png" width="39" height="39">

                    
                        <a class="info" title="10% Descuento para suscriptores Condisline Prime" href="javascript:void(0);">
                            <span class="info_text">10% Descuento para suscriptores Condisline Prime</span>
                        </a>
                    
                
            
        </div>

        <img class="article_image" alt="ARROZ NOMEN  500 G" data-original="//static.condisline.com/resize_190x200/images/catalog/large/103005.jpg" src="//static.condisline.com/resize_190x200/images/catalog/large/103005.jpg" width="190" height="200" style="display: block;">

        <meta itemprop="image" content="//static.condisline.com/resize_190x200/images/catalog/large/103005.jpg">

        <div class="article_price_container" itemprop="offers" itemscope="" itemtype="http://schema.org/Offer">

            <!-- Price -->
            
                <span class="offer">Antes <span id="list_price_103005">1,16</span>€</span>
                <span class="article_price" itemprop="price"><span id="sale_price_103005">1,05</span></span>
                <span class="currency">€</span>
                <script>
                    formatNumber('1.16', 'list_price_103005');
                    formatNumber('1.05', 'sale_price_103005');
                </script>
            

            <meta itemprop="priceCurrency" content="EUR">
            <div class="unit_container">
                
                    <a class="substract_button" title="Menos" href="javascript:void(0);">-</a>
                
                <label class="quantity_container">
                    
                        
                            <input class="input_quantity_product" id="item_quantity_103005" type="number" data-product="103005" value="" min="1" max="999" required="" autocomplete="off">
                        
                    
                </label>
                
                    <a class="add_button" title="Más" href="javascript:void(0);">+</a>
                    <a class="added_tick" title="Cambiar unidades" href="javascript:void(0);"></a>
                
            </div>

            
                
                    <div class="article_pum">
                        <span>      2,10€/Kilo</span>
                    </div>
                
            

            
                
                    <a data-product-id="103005" class="orange_button btn_add2cart" title="Añadir al carrito" onclick="dataLayer.push({event: 'event_gtm',category:'acciones usuario', action:'a�adir producto desde listado'})" href="javascript:addToCartFromItemList('103005')">AÑADIR AL CARRITO &gt;</a>
                
            
            <span class="added_button">En carrito</span>

            
            
            <a class="white_button" title="Añadir a mi lista" href="javascript:addToListFromItemList('103005')" onclick="dataLayer.push({event: 'event_gtm',category:'acciones usuario', action:'a�adir producto a lista'});">Añadir a mi lista</a>
            
            
        </div>

        
            <a class="article_link" title="Ver ficha de ARROZ NOMEN  500 G" href="/ARROZ-NOMEN-500-G_103005_prd_es_ES.jsp" onclick="javascript:callingTaggingEnpoints('')" itemprop="url"></a>
        
        <div class="hover_container">
            <div class="hover">
                <div class="info_symbol"></div>
            </div>
        </div>

        
            <img width="116" height="114" src="//static.condisline.com/resize_128x128/images/product_icons_corner/oferta_grande.png" alt="" class="promotion_image">
        

        
    </article>
            </li>
        
            <li class="article" itemprop="itemListElement" itemscope="" itemtype="http://schema.org/Product">
                
    <article class="article_container" id="item_description_121983">


    
        <a class="article_name" title="Ver ficha de PASTA GALLO PLUMAS N.6 900 G" href="/PASTA-GALLO-PLUMAS-N-6-900-G_121983_prd_es_ES.jsp" itemprop="url"><span itemprop="name" id="description_text">PASTA GALLO PLUMAS N.6 900 G</span></a>
    

        <!--informacion de gluten y calorias -->
        <div class="info_container">

            
                <span class="calories">344 <span>kcal</span></span>
                <a class="info" title="Producto con 344 kilocalorías" href="javascript:void(0);">
                    <span class="info_text">Producto con 344 kilocalorías.</span>
                </a>
            

            
                
                    <img class="info_icon" alt="10% Descuento para suscriptores Condisline Prime" src="//static.condisline.com/resize_39x39/images/product_icons/icon_subscription.png" width="39" height="39">

                    
                        <a class="info" title="10% Descuento para suscriptores Condisline Prime" href="javascript:void(0);">
                            <span class="info_text">10% Descuento para suscriptores Condisline Prime</span>
                        </a>
                    
                
            
        </div>

        <img class="article_image" alt="PASTA GALLO PLUMAS N.6 900 G" data-original="//static.condisline.com/resize_190x200/images/catalog/large/121983.jpg" src="//static.condisline.com/resize_190x200/images/catalog/large/121983.jpg" width="190" height="200" style="display: block;">

        <meta itemprop="image" content="//static.condisline.com/resize_190x200/images/catalog/large/121983.jpg">

        <div class="article_price_container" itemprop="offers" itemscope="" itemtype="http://schema.org/Offer">

            <!-- Price -->
            
                <span class="offer">Antes <span id="list_price_121983">2,57</span>€</span>
                <span class="article_price" itemprop="price"><span id="sale_price_121983">1,99</span></span>
                <span class="currency">€</span>
                <script>
                    formatNumber('2.57', 'list_price_121983');
                    formatNumber('1.99', 'sale_price_121983');
                </script>
            

            <meta itemprop="priceCurrency" content="EUR">
            <div class="unit_container">
                
                    <a class="substract_button" title="Menos" href="javascript:void(0);">-</a>
                
                <label class="quantity_container">
                    
                        
                            <input class="input_quantity_product" id="item_quantity_121983" type="number" data-product="121983" value="" min="1" max="999" required="" autocomplete="off">
                        
                    
                </label>
                
                    <a class="add_button" title="Más" href="javascript:void(0);">+</a>
                    <a class="added_tick" title="Cambiar unidades" href="javascript:void(0);"></a>
                
            </div>

            
                
                    <div class="article_pum">
                        <span>      2,21€/Kilo</span>
                    </div>
                
            

            
                
                    <a data-product-id="121983" class="orange_button btn_add2cart" title="Añadir al carrito" onclick="dataLayer.push({event: 'event_gtm',category:'acciones usuario', action:'a�adir producto desde listado'})" href="javascript:addToCartFromItemList('121983')">AÑADIR AL CARRITO &gt;</a>
                
            
            <span class="added_button">En carrito</span>

            
            
            <a class="white_button" title="Añadir a mi lista" href="javascript:addToListFromItemList('121983')" onclick="dataLayer.push({event: 'event_gtm',category:'acciones usuario', action:'a�adir producto a lista'});">Añadir a mi lista</a>
            
            
        </div>

        
            <a class="article_link" title="Ver ficha de PASTA GALLO PLUMAS N.6 900 G" href="/PASTA-GALLO-PLUMAS-N-6-900-G_121983_prd_es_ES.jsp" onclick="javascript:callingTaggingEnpoints('')" itemprop="url"></a>
        
        <div class="hover_container">
            <div class="hover">
                <div class="info_symbol"></div>
            </div>
        </div>

        
            <img width="116" height="114" src="//static.condisline.com/resize_128x128/images/product_icons_corner/oferta_grande.png" alt="" class="promotion_image">
        

        
    </article>
            </li>
        
            <li class="article" itemprop="itemListElement" itemscope="" itemtype="http://schema.org/Product">
                
    <article class="article_container" id="item_description_724379">


    
        <a class="article_name" title="Ver ficha de GARBANZOS LUENGO SELECTO 500 G" href="/GARBANZOS-LUENGO-SELECTO-500-G_724379_prd_es_ES.jsp" itemprop="url"><span itemprop="name" id="description_text">GARBANZOS LUENGO SELECTO 500 G</span></a>
    

        <!--informacion de gluten y calorias -->
        <div class="info_container">

            
                <span class="calories">348 <span>kcal</span></span>
                <a class="info" title="Producto con 348 kilocalorías" href="javascript:void(0);">
                    <span class="info_text">Producto con 348 kilocalorías.</span>
                </a>
            

            
                
                    <img class="info_icon" alt="10% Descuento para suscriptores Condisline Prime" src="//static.condisline.com/resize_39x39/images/product_icons/icon_subscription.png" width="39" height="39">

                    
                        <a class="info" title="10% Descuento para suscriptores Condisline Prime" href="javascript:void(0);">
                            <span class="info_text">10% Descuento para suscriptores Condisline Prime</span>
                        </a>
                    
                
            
        </div>

        <img class="article_image" alt="GARBANZOS LUENGO SELECTO 500 G" data-original="//static.condisline.com/resize_190x200/images/catalog/large/724379.jpg" src="//static.condisline.com/resize_190x200/images/catalog/large/724379.jpg" width="190" height="200" style="display: block;">

        <meta itemprop="image" content="//static.condisline.com/resize_190x200/images/catalog/large/724379.jpg">

        <div class="article_price_container" itemprop="offers" itemscope="" itemtype="http://schema.org/Offer">

            <!-- Price -->
            
                <span class="offer">Antes <span id="list_price_724379">2,07</span>€</span>
                <span class="article_price" itemprop="price"><span id="sale_price_724379">1,89</span></span>
                <span class="currency">€</span>
                <script>
                    formatNumber('2.07', 'list_price_724379');
                    formatNumber('1.89', 'sale_price_724379');
                </script>
            

            <meta itemprop="priceCurrency" content="EUR">
            <div class="unit_container">
                
                    <a class="substract_button" title="Menos" href="javascript:void(0);">-</a>
                
                <label class="quantity_container">
                    
                        
                            <input class="input_quantity_product" id="item_quantity_724379" type="number" data-product="724379" value="" min="1" max="999" required="" autocomplete="off">
                        
                    
                </label>
                
                    <a class="add_button" title="Más" href="javascript:void(0);">+</a>
                    <a class="added_tick" title="Cambiar unidades" href="javascript:void(0);"></a>
                
            </div>

            
                
                    <div class="article_pum">
                        <span>      3,78€/Kilo</span>
                    </div>
                
            

            
                
                    <a data-product-id="724379" class="orange_button btn_add2cart" title="Añadir al carrito" onclick="dataLayer.push({event: 'event_gtm',category:'acciones usuario', action:'a�adir producto desde listado'})" href="javascript:addToCartFromItemList('724379')">AÑADIR AL CARRITO &gt;</a>
                
            
            <span class="added_button">En carrito</span>

            
            
            <a class="white_button" title="Añadir a mi lista" href="javascript:addToListFromItemList('724379')" onclick="dataLayer.push({event: 'event_gtm',category:'acciones usuario', action:'a�adir producto a lista'});">Añadir a mi lista</a>
            
            
        </div>

        
            <a class="article_link" title="Ver ficha de GARBANZOS LUENGO SELECTO 500 G" href="/GARBANZOS-LUENGO-SELECTO-500-G_724379_prd_es_ES.jsp" onclick="javascript:callingTaggingEnpoints('')" itemprop="url"></a>
        
        <div class="hover_container">
            <div class="hover">
                <div class="info_symbol"></div>
            </div>
        </div>

        
            <img width="116" height="114" src="//static.condisline.com/resize_128x128/images/product_icons_corner/oferta_grande.png" alt="" class="promotion_image">
        

        
    </article>
            </li>
        
            <li class="article" itemprop="itemListElement" itemscope="" itemtype="http://schema.org/Product">
                
    <article class="article_container" id="item_description_103015">


    
        <a class="article_name" title="Ver ficha de TRIGO NOMEN TIERNO 500 G" href="/TRIGO-NOMEN-TIERNO-500-G_103015_prd_es_ES.jsp" itemprop="url"><span itemprop="name" id="description_text">TRIGO NOMEN TIERNO 500 G</span></a>
    

        <!--informacion de gluten y calorias -->
        <div class="info_container">

            
                <span class="calories">356 <span>kcal</span></span>
                <a class="info" title="Producto con 356 kilocalorías" href="javascript:void(0);">
                    <span class="info_text">Producto con 356 kilocalorías.</span>
                </a>
            

            
                
                    <img class="info_icon" alt="10% Descuento para suscriptores Condisline Prime" src="//static.condisline.com/resize_39x39/images/product_icons/icon_subscription.png" width="39" height="39">

                    
                        <a class="info" title="10% Descuento para suscriptores Condisline Prime" href="javascript:void(0);">
                            <span class="info_text">10% Descuento para suscriptores Condisline Prime</span>
                        </a>
                    
                
            
        </div>

        <img class="article_image" alt="TRIGO NOMEN TIERNO 500 G" data-original="//static.condisline.com/resize_190x200/images/catalog/large/103015.jpg" src="//static.condisline.com/resize_190x200/images/catalog/large/103015.jpg" width="190" height="200" style="display: block;">

        <meta itemprop="image" content="//static.condisline.com/resize_190x200/images/catalog/large/103015.jpg">

        <div class="article_price_container" itemprop="offers" itemscope="" itemtype="http://schema.org/Offer">

            <!-- Price -->
            
                <span class="offer">Antes <span id="list_price_103015">2,99</span>€</span>
                <span class="article_price" itemprop="price"><span id="sale_price_103015">2,50</span></span>
                <span class="currency">€</span>
                <script>
                    formatNumber('2.99', 'list_price_103015');
                    formatNumber('2.5', 'sale_price_103015');
                </script>
            

            <meta itemprop="priceCurrency" content="EUR">
            <div class="unit_container">
                
                    <a class="substract_button" title="Menos" href="javascript:void(0);">-</a>
                
                <label class="quantity_container">
                    
                        
                            <input class="input_quantity_product" id="item_quantity_103015" type="number" data-product="103015" value="" min="1" max="999" required="" autocomplete="off">
                        
                    
                </label>
                
                    <a class="add_button" title="Más" href="javascript:void(0);">+</a>
                    <a class="added_tick" title="Cambiar unidades" href="javascript:void(0);"></a>
                
            </div>

            
                
                    <div class="article_pum">
                        <span>      5,00€/Kilo</span>
                    </div>
                
            

            
                
                    <a data-product-id="103015" class="orange_button btn_add2cart" title="Añadir al carrito" onclick="dataLayer.push({event: 'event_gtm',category:'acciones usuario', action:'a�adir producto desde listado'})" href="javascript:addToCartFromItemList('103015')">AÑADIR AL CARRITO &gt;</a>
                
            
            <span class="added_button">En carrito</span>

            
            
            <a class="white_button" title="Añadir a mi lista" href="javascript:addToListFromItemList('103015')" onclick="dataLayer.push({event: 'event_gtm',category:'acciones usuario', action:'a�adir producto a lista'});">Añadir a mi lista</a>
            
            
        </div>

        
            <a class="article_link" title="Ver ficha de TRIGO NOMEN TIERNO 500 G" href="/TRIGO-NOMEN-TIERNO-500-G_103015_prd_es_ES.jsp" onclick="javascript:callingTaggingEnpoints('')" itemprop="url"></a>
        
        <div class="hover_container">
            <div class="hover">
                <div class="info_symbol"></div>
            </div>
        </div>

        
            <img width="116" height="114" src="//static.condisline.com/resize_128x128/images/product_icons_corner/oferta_grande.png" alt="" class="promotion_image">
        

        
    </article>
            </li>
        
            <li class="article" itemprop="itemListElement" itemscope="" itemtype="http://schema.org/Product">
                
    <article class="article_container" id="item_description_122095">


    
        <a class="article_name" title="Ver ficha de MACARRONES CONDIS ECO 500 G" href="/MACARRONES-CONDIS-ECO-500-G_122095_prd_es_ES.jsp" itemprop="url"><span itemprop="name" id="description_text">MACARRONES CONDIS ECO 500 G</span></a>
    

        <!--informacion de gluten y calorias -->
        <div class="info_container">

            
                <span class="calories">341 <span>kcal</span></span>
                <a class="info" title="Producto con 341 kilocalorías" href="javascript:void(0);">
                    <span class="info_text">Producto con 341 kilocalorías.</span>
                </a>
            

            
                
                    <img class="info_icon" alt="10% Descuento para suscriptores Condisline Prime" src="//static.condisline.com/resize_39x39/images/product_icons/icon_subscription.png" width="39" height="39">

                    
                        <a class="info" title="10% Descuento para suscriptores Condisline Prime" href="javascript:void(0);">
                            <span class="info_text">10% Descuento para suscriptores Condisline Prime</span>
                        </a>
                    
                
                    <img class="info_icon" alt="Producto ecológico" src="//static.condisline.com/resize_39x39/images/product_icons/icon_eco.jpg" width="39" height="39">

                    
                        <a class="info" title="Producto ecológico" href="javascript:void(0);">
                            <span class="info_text">Producto ecológico</span>
                        </a>
                    
                
                    <img class="info_icon" alt="Marca propia" src="//static.condisline.com/resize_39x39/images/product_icons/marca_propia.png" width="39" height="39">

                    
                        <a class="info" title="Marca propia" href="javascript:void(0);">
                            <span class="info_text">Marca propia</span>
                        </a>
                    
                
            
        </div>

        <img class="article_image" alt="MACARRONES CONDIS ECO 500 G" data-original="//static.condisline.com/resize_190x200/images/catalog/large/122095.jpg" src="//static.condisline.com/resize_190x200/images/catalog/large/122095.jpg" width="190" height="200" style="display: block;">

        <meta itemprop="image" content="//static.condisline.com/resize_190x200/images/catalog/large/122095.jpg">

        <div class="article_price_container" itemprop="offers" itemscope="" itemtype="http://schema.org/Offer">

            <!-- Price -->
            
                <span class="offer">Antes <span id="list_price_122095">2,55</span>€</span>
                <span class="article_price" itemprop="price"><span id="sale_price_122095">1,99</span></span>
                <span class="currency">€</span>
                <script>
                    formatNumber('2.55', 'list_price_122095');
                    formatNumber('1.99', 'sale_price_122095');
                </script>
            

            <meta itemprop="priceCurrency" content="EUR">
            <div class="unit_container">
                
                    <a class="substract_button" title="Menos" href="javascript:void(0);">-</a>
                
                <label class="quantity_container">
                    
                        
                            <input class="input_quantity_product" id="item_quantity_122095" type="number" data-product="122095" value="" min="1" max="999" required="" autocomplete="off">
                        
                    
                </label>
                
                    <a class="add_button" title="Más" href="javascript:void(0);">+</a>
                    <a class="added_tick" title="Cambiar unidades" href="javascript:void(0);"></a>
                
            </div>

            
                
                    <div class="article_pum">
                        <span>      3,98€/Kilo</span>
                    </div>
                
            

            
                
                    <a data-product-id="122095" class="orange_button btn_add2cart" title="Añadir al carrito" onclick="dataLayer.push({event: 'event_gtm',category:'acciones usuario', action:'a�adir producto desde listado'})" href="javascript:addToCartFromItemList('122095')">AÑADIR AL CARRITO &gt;</a>
                
            
            <span class="added_button">En carrito</span>

            
            
            <a class="white_button" title="Añadir a mi lista" href="javascript:addToListFromItemList('122095')" onclick="dataLayer.push({event: 'event_gtm',category:'acciones usuario', action:'a�adir producto a lista'});">Añadir a mi lista</a>
            
            
        </div>

        
            <a class="article_link" title="Ver ficha de MACARRONES CONDIS ECO 500 G" href="/MACARRONES-CONDIS-ECO-500-G_122095_prd_es_ES.jsp" onclick="javascript:callingTaggingEnpoints('')" itemprop="url"></a>
        
        <div class="hover_container">
            <div class="hover">
                <div class="info_symbol"></div>
            </div>
        </div>

        
            <img width="116" height="114" src="//static.condisline.com/resize_128x128/images/product_icons_corner/oferta_grande.png" alt="" class="promotion_image">
        

        
    </article>
            </li>
        
            <li class="article" itemprop="itemListElement" itemscope="" itemtype="http://schema.org/Product">
                
    <article class="article_container" id="item_description_103531">


    
        <a class="article_name" title="Ver ficha de ARROZ NOMEN EXTRA 1 KG" href="/ARROZ-NOMEN-EXTRA-1-KG_103531_prd_es_ES.jsp" itemprop="url"><span itemprop="name" id="description_text">ARROZ NOMEN EXTRA 1 KG</span></a>
    

        <!--informacion de gluten y calorias -->
        <div class="info_container">

            
                <span class="calories">346 <span>kcal</span></span>
                <a class="info" title="Producto con 346 kilocalorías" href="javascript:void(0);">
                    <span class="info_text">Producto con 346 kilocalorías.</span>
                </a>
            

            
                
                    <img class="info_icon" alt="10% Descuento para suscriptores Condisline Prime" src="//static.condisline.com/resize_39x39/images/product_icons/icon_subscription.png" width="39" height="39">

                    
                        <a class="info" title="10% Descuento para suscriptores Condisline Prime" href="javascript:void(0);">
                            <span class="info_text">10% Descuento para suscriptores Condisline Prime</span>
                        </a>
                    
                
            
        </div>

        <img class="article_image" alt="ARROZ NOMEN EXTRA 1 KG" data-original="//static.condisline.com/resize_190x200/images/catalog/large/103531.jpg" src="//static.condisline.com/resize_190x200/images/catalog/large/103531.jpg" width="190" height="200" style="display: block;">

        <meta itemprop="image" content="//static.condisline.com/resize_190x200/images/catalog/large/103531.jpg">

        <div class="article_price_container" itemprop="offers" itemscope="" itemtype="http://schema.org/Offer">

            <!-- Price -->
            
                
                <span class="article_price" itemprop="price"><span id="list_price_103531">1,89</span></span>
                <span class="currency">€</span>
                <script>
                    formatNumber('1.89', 'list_price_103531');
                </script>
            

            <meta itemprop="priceCurrency" content="EUR">
            <div class="unit_container">
                
                    <a class="substract_button" title="Menos" href="javascript:void(0);">-</a>
                
                <label class="quantity_container">
                    
                        
                            <input class="input_quantity_product" id="item_quantity_103531" type="number" data-product="103531" value="" min="1" max="999" required="" autocomplete="off">
                        
                    
                </label>
                
                    <a class="add_button" title="Más" href="javascript:void(0);">+</a>
                    <a class="added_tick" title="Cambiar unidades" href="javascript:void(0);"></a>
                
            </div>

            
                
                    <div class="article_pum">
                        <span>      1,89€/Kilo</span>
                    </div>
                
            

            
                
                    <a data-product-id="103531" class="orange_button btn_add2cart" title="Añadir al carrito" onclick="dataLayer.push({event: 'event_gtm',category:'acciones usuario', action:'a�adir producto desde listado'})" href="javascript:addToCartFromItemList('103531')">AÑADIR AL CARRITO &gt;</a>
                
            
            <span class="added_button">En carrito</span>

            
            
            <a class="white_button" title="Añadir a mi lista" href="javascript:addToListFromItemList('103531')" onclick="dataLayer.push({event: 'event_gtm',category:'acciones usuario', action:'a�adir producto a lista'});">Añadir a mi lista</a>
            
            
        </div>

        
            <a class="article_link" title="Ver ficha de ARROZ NOMEN EXTRA 1 KG" href="/ARROZ-NOMEN-EXTRA-1-KG_103531_prd_es_ES.jsp" onclick="javascript:callingTaggingEnpoints('')" itemprop="url"></a>
        
        <div class="hover_container">
            <div class="hover">
                <div class="info_symbol"></div>
            </div>
        </div>

        

        
    </article>
            </li>
        
            <li class="article" itemprop="itemListElement" itemscope="" itemtype="http://schema.org/Product">
                
    <article class="article_container" id="item_description_103011">


    
        <a class="article_name" title="Ver ficha de ARROZ BRILLANTE BASMATI 2 X 125 G" href="/ARROZ-BRILLANTE-BASMATI-2-X-125-G_103011_prd_es_ES.jsp" itemprop="url"><span itemprop="name" id="description_text">ARROZ BRILLANTE BASMATI 2 X 125 G</span></a>
    

        <!--informacion de gluten y calorias -->
        <div class="info_container">

            
                <span class="calories">164 <span>kcal</span></span>
                <a class="info" title="Producto con 164 kilocalorías" href="javascript:void(0);">
                    <span class="info_text">Producto con 164 kilocalorías.</span>
                </a>
            

            
                
                    <img class="info_icon" alt="10% Descuento para suscriptores Condisline Prime" src="//static.condisline.com/resize_39x39/images/product_icons/icon_subscription.png" width="39" height="39">

                    
                        <a class="info" title="10% Descuento para suscriptores Condisline Prime" href="javascript:void(0);">
                            <span class="info_text">10% Descuento para suscriptores Condisline Prime</span>
                        </a>
                    
                
            
        </div>

        <img class="article_image" alt="ARROZ BRILLANTE BASMATI 2 X 125 G" data-original="//static.condisline.com/resize_190x200/images/catalog/large/103011.jpg" src="//static.condisline.com/resize_190x200/images/catalog/large/103011.jpg" width="190" height="200" style="display: block;">

        <meta itemprop="image" content="//static.condisline.com/resize_190x200/images/catalog/large/103011.jpg">

        <div class="article_price_container" itemprop="offers" itemscope="" itemtype="http://schema.org/Offer">

            <!-- Price -->
            
                
                <span class="article_price" itemprop="price"><span id="list_price_103011">1,34</span></span>
                <span class="currency">€</span>
                <script>
                    formatNumber('1.34', 'list_price_103011');
                </script>
            

            <meta itemprop="priceCurrency" content="EUR">
            <div class="unit_container">
                
                    <a class="substract_button" title="Menos" href="javascript:void(0);">-</a>
                
                <label class="quantity_container">
                    
                        
                            <input class="input_quantity_product" id="item_quantity_103011" type="number" data-product="103011" value="" min="1" max="999" required="" autocomplete="off">
                        
                    
                </label>
                
                    <a class="add_button" title="Más" href="javascript:void(0);">+</a>
                    <a class="added_tick" title="Cambiar unidades" href="javascript:void(0);"></a>
                
            </div>

            
                
                    <div class="article_pum">
                        <span>      5,36€/Kilo</span>
                    </div>
                
            

            
                
                    <a data-product-id="103011" class="orange_button btn_add2cart" title="Añadir al carrito" onclick="dataLayer.push({event: 'event_gtm',category:'acciones usuario', action:'a�adir producto desde listado'})" href="javascript:addToCartFromItemList('103011')">AÑADIR AL CARRITO &gt;</a>
                
            
            <span class="added_button">En carrito</span>

            
            
            <a class="white_button" title="Añadir a mi lista" href="javascript:addToListFromItemList('103011')" onclick="dataLayer.push({event: 'event_gtm',category:'acciones usuario', action:'a�adir producto a lista'});">Añadir a mi lista</a>
            
            
        </div>

        
            <a class="article_link" title="Ver ficha de ARROZ BRILLANTE BASMATI 2 X 125 G" href="/ARROZ-BRILLANTE-BASMATI-2-X-125-G_103011_prd_es_ES.jsp" onclick="javascript:callingTaggingEnpoints('')" itemprop="url"></a>
        
        <div class="hover_container">
            <div class="hover">
                <div class="info_symbol"></div>
            </div>
        </div>

        

        
    </article>
            </li>
        
            <li class="article" itemprop="itemListElement" itemscope="" itemtype="http://schema.org/Product">
                
    <article class="article_container" id="item_description_121147">


    
        <a class="article_name" title="Ver ficha de PASTA CONDIS MACARRONES 500 G" href="/PASTA-CONDIS-MACARRONES-500-G_121147_prd_es_ES.jsp" itemprop="url"><span itemprop="name" id="description_text">PASTA CONDIS MACARRONES 500 G</span></a>
    

        <!--informacion de gluten y calorias -->
        <div class="info_container">

            
                <span class="calories">344 <span>kcal</span></span>
                <a class="info" title="Producto con 344 kilocalorías" href="javascript:void(0);">
                    <span class="info_text">Producto con 344 kilocalorías.</span>
                </a>
            

            
                
                    <img class="info_icon" alt="10% Descuento para suscriptores Condisline Prime" src="//static.condisline.com/resize_39x39/images/product_icons/icon_subscription.png" width="39" height="39">

                    
                        <a class="info" title="10% Descuento para suscriptores Condisline Prime" href="javascript:void(0);">
                            <span class="info_text">10% Descuento para suscriptores Condisline Prime</span>
                        </a>
                    
                
                    <img class="info_icon" alt="Marca propia" src="//static.condisline.com/resize_39x39/images/product_icons/marca_propia.png" width="39" height="39">

                    
                        <a class="info" title="Marca propia" href="javascript:void(0);">
                            <span class="info_text">Marca propia</span>
                        </a>
                    
                
            
        </div>

        <img class="article_image" alt="PASTA CONDIS MACARRONES 500 G" data-original="//static.condisline.com/resize_190x200/images/catalog/large/121147.jpg" src="//static.condisline.com/resize_190x200/images/catalog/large/121147.jpg" width="190" height="200" style="display: block;">

        <meta itemprop="image" content="//static.condisline.com/resize_190x200/images/catalog/large/121147.jpg">

        <div class="article_price_container" itemprop="offers" itemscope="" itemtype="http://schema.org/Offer">

            <!-- Price -->
            
                
                <span class="article_price" itemprop="price"><span id="list_price_121147">0,79</span></span>
                <span class="currency">€</span>
                <script>
                    formatNumber('0.79', 'list_price_121147');
                </script>
            

            <meta itemprop="priceCurrency" content="EUR">
            <div class="unit_container">
                
                    <a class="substract_button" title="Menos" href="javascript:void(0);">-</a>
                
                <label class="quantity_container">
                    
                        
                            <input class="input_quantity_product" id="item_quantity_121147" type="number" data-product="121147" value="" min="1" max="999" required="" autocomplete="off">
                        
                    
                </label>
                
                    <a class="add_button" title="Más" href="javascript:void(0);">+</a>
                    <a class="added_tick" title="Cambiar unidades" href="javascript:void(0);"></a>
                
            </div>

            
                
                    <div class="article_pum">
                        <span>      1,58€/Kilo</span>
                    </div>
                
            

            
                
                    <a data-product-id="121147" class="orange_button btn_add2cart" title="Añadir al carrito" onclick="dataLayer.push({event: 'event_gtm',category:'acciones usuario', action:'a�adir producto desde listado'})" href="javascript:addToCartFromItemList('121147')">AÑADIR AL CARRITO &gt;</a>
                
            
            <span class="added_button">En carrito</span>

            
            
            <a class="white_button" title="Añadir a mi lista" href="javascript:addToListFromItemList('121147')" onclick="dataLayer.push({event: 'event_gtm',category:'acciones usuario', action:'a�adir producto a lista'});">Añadir a mi lista</a>
            
            
        </div>

        
            <a class="article_link" title="Ver ficha de PASTA CONDIS MACARRONES 500 G" href="/PASTA-CONDIS-MACARRONES-500-G_121147_prd_es_ES.jsp" onclick="javascript:callingTaggingEnpoints('')" itemprop="url"></a>
        
        <div class="hover_container">
            <div class="hover">
                <div class="info_symbol"></div>
            </div>
        </div>

        

        
    </article>
            </li>
        
            <li class="article" itemprop="itemListElement" itemscope="" itemtype="http://schema.org/Product">
                
    <article class="article_container" id="item_description_103021">


    
        <a class="article_name" title="Ver ficha de ARROZ REDONDO TRADICIONAL BRILLANTE 2 X 125 G" href="/ARROZ-REDONDO-TRADICIONAL-BRILLANTE-2-X-125-G_103021_prd_es_ES.jsp" itemprop="url"><span itemprop="name" id="description_text">ARROZ REDONDO TRADICIONAL BRILLANTE 2 X 125 G</span></a>
    

        <!--informacion de gluten y calorias -->
        <div class="info_container">

            
                <span class="calories">182 <span>kcal</span></span>
                <a class="info" title="Producto con 182 kilocalorías" href="javascript:void(0);">
                    <span class="info_text">Producto con 182 kilocalorías.</span>
                </a>
            

            
                
                    <img class="info_icon" alt="10% Descuento para suscriptores Condisline Prime" src="//static.condisline.com/resize_39x39/images/product_icons/icon_subscription.png" width="39" height="39">

                    
                        <a class="info" title="10% Descuento para suscriptores Condisline Prime" href="javascript:void(0);">
                            <span class="info_text">10% Descuento para suscriptores Condisline Prime</span>
                        </a>
                    
                
                    <img class="info_icon" alt="Producto sin gluten" src="//static.condisline.com/resize_39x39/images/product_icons/no_gluten.png" width="39" height="39">

                    
                        <a class="info" title="Producto sin gluten" href="javascript:void(0);">
                            <span class="info_text">Producto sin gluten</span>
                        </a>
                    
                
            
        </div>

        <img class="article_image" alt="ARROZ REDONDO TRADICIONAL BRILLANTE 2 X 125 G" data-original="//static.condisline.com/resize_190x200/images/catalog/large/103021.jpg" src="//static.condisline.com/resize_190x200/images/catalog/large/103021.jpg" width="190" height="200" style="display: block;">

        <meta itemprop="image" content="//static.condisline.com/resize_190x200/images/catalog/large/103021.jpg">

        <div class="article_price_container" itemprop="offers" itemscope="" itemtype="http://schema.org/Offer">

            <!-- Price -->
            
                
                <span class="article_price" itemprop="price"><span id="list_price_103021">1,25</span></span>
                <span class="currency">€</span>
                <script>
                    formatNumber('1.25', 'list_price_103021');
                </script>
            

            <meta itemprop="priceCurrency" content="EUR">
            <div class="unit_container">
                
                    <a class="substract_button" title="Menos" href="javascript:void(0);">-</a>
                
                <label class="quantity_container">
                    
                        
                            <input class="input_quantity_product" id="item_quantity_103021" type="number" data-product="103021" value="" min="1" max="999" required="" autocomplete="off">
                        
                    
                </label>
                
                    <a class="add_button" title="Más" href="javascript:void(0);">+</a>
                    <a class="added_tick" title="Cambiar unidades" href="javascript:void(0);"></a>
                
            </div>

            
                
                    <div class="article_pum">
                        <span>      5,00€/Kilo</span>
                    </div>
                
            

            
                
                    <a data-product-id="103021" class="orange_button btn_add2cart" title="Añadir al carrito" onclick="dataLayer.push({event: 'event_gtm',category:'acciones usuario', action:'a�adir producto desde listado'})" href="javascript:addToCartFromItemList('103021')">AÑADIR AL CARRITO &gt;</a>
                
            
            <span class="added_button">En carrito</span>

            
            
            <a class="white_button" title="Añadir a mi lista" href="javascript:addToListFromItemList('103021')" onclick="dataLayer.push({event: 'event_gtm',category:'acciones usuario', action:'a�adir producto a lista'});">Añadir a mi lista</a>
            
            
        </div>

        
            <a class="article_link" title="Ver ficha de ARROZ REDONDO TRADICIONAL BRILLANTE 2 X 125 G" href="/ARROZ-REDONDO-TRADICIONAL-BRILLANTE-2-X-125-G_103021_prd_es_ES.jsp" onclick="javascript:callingTaggingEnpoints('')" itemprop="url"></a>
        
        <div class="hover_container">
            <div class="hover">
                <div class="info_symbol"></div>
            </div>
        </div>

        

        
    </article>
            </li>
        
            <li class="article" itemprop="itemListElement" itemscope="" itemtype="http://schema.org/Product">
                
    <article class="article_container" id="item_description_103009">


    
        <a class="article_name" title="Ver ficha de ARROZ CONDIS EXTRA 1 KG" href="/ARROZ-CONDIS-EXTRA-1-KG_103009_prd_es_ES.jsp" itemprop="url"><span itemprop="name" id="description_text">ARROZ CONDIS EXTRA 1 KG</span></a>
    

        <!--informacion de gluten y calorias -->
        <div class="info_container">

            
                <span class="calories">348 <span>kcal</span></span>
                <a class="info" title="Producto con 348 kilocalorías" href="javascript:void(0);">
                    <span class="info_text">Producto con 348 kilocalorías.</span>
                </a>
            

            
                
                    <img class="info_icon" alt="10% Descuento para suscriptores Condisline Prime" src="//static.condisline.com/resize_39x39/images/product_icons/icon_subscription.png" width="39" height="39">

                    
                        <a class="info" title="10% Descuento para suscriptores Condisline Prime" href="javascript:void(0);">
                            <span class="info_text">10% Descuento para suscriptores Condisline Prime</span>
                        </a>
                    
                
                    <img class="info_icon" alt="Marca propia" src="//static.condisline.com/resize_39x39/images/product_icons/marca_propia.png" width="39" height="39">

                    
                        <a class="info" title="Marca propia" href="javascript:void(0);">
                            <span class="info_text">Marca propia</span>
                        </a>
                    
                
            
        </div>

        <img class="article_image" alt="ARROZ CONDIS EXTRA 1 KG" data-original="//static.condisline.com/resize_190x200/images/catalog/large/103009.jpg" src="//static.condisline.com/resize_190x200/images/catalog/large/103009.jpg" width="190" height="200" style="display: block;">

        <meta itemprop="image" content="//static.condisline.com/resize_190x200/images/catalog/large/103009.jpg">

        <div class="article_price_container" itemprop="offers" itemscope="" itemtype="http://schema.org/Offer">

            <!-- Price -->
            
                
                <span class="article_price" itemprop="price"><span id="list_price_103009">1,33</span></span>
                <span class="currency">€</span>
                <script>
                    formatNumber('1.33', 'list_price_103009');
                </script>
            

            <meta itemprop="priceCurrency" content="EUR">
            <div class="unit_container">
                
                    <a class="substract_button" title="Menos" href="javascript:void(0);">-</a>
                
                <label class="quantity_container">
                    
                        
                            <input class="input_quantity_product" id="item_quantity_103009" type="number" data-product="103009" value="" min="1" max="999" required="" autocomplete="off">
                        
                    
                </label>
                
                    <a class="add_button" title="Más" href="javascript:void(0);">+</a>
                    <a class="added_tick" title="Cambiar unidades" href="javascript:void(0);"></a>
                
            </div>

            
                
                    <div class="article_pum">
                        <span>      1,33€/Kilo</span>
                    </div>
                
            

            
                
                    <a data-product-id="103009" class="orange_button btn_add2cart" title="Añadir al carrito" onclick="dataLayer.push({event: 'event_gtm',category:'acciones usuario', action:'a�adir producto desde listado'})" href="javascript:addToCartFromItemList('103009')">AÑADIR AL CARRITO &gt;</a>
                
            
            <span class="added_button">En carrito</span>

            
            
            <a class="white_button" title="Añadir a mi lista" href="javascript:addToListFromItemList('103009')" onclick="dataLayer.push({event: 'event_gtm',category:'acciones usuario', action:'a�adir producto a lista'});">Añadir a mi lista</a>
            
            
        </div>

        
            <a class="article_link" title="Ver ficha de ARROZ CONDIS EXTRA 1 KG" href="/ARROZ-CONDIS-EXTRA-1-KG_103009_prd_es_ES.jsp" onclick="javascript:callingTaggingEnpoints('')" itemprop="url"></a>
        
        <div class="hover_container">
            <div class="hover">
                <div class="info_symbol"></div>
            </div>
        </div>

        

        
    </article>
            </li>
        
            <li class="article" itemprop="itemListElement" itemscope="" itemtype="http://schema.org/Product">
                
    <article class="article_container" id="item_description_211497">


    
        <a class="article_name" title="Ver ficha de ARROZ REDONDO TRADICIONAL BRILLANTE FORMATO XL 2 X 200 G" href="/ARROZ-REDONDO-TRADICIONAL-BRILLANTE-FORMATO-XL-2-X-200-G_211497_prd_es_ES.jsp" itemprop="url"><span itemprop="name" id="description_text">ARROZ REDONDO TRADICIONAL BRILLANTE FORMATO XL 2 X 200 G</span></a>
    

        <!--informacion de gluten y calorias -->
        <div class="info_container">

            
                <span class="calories">178 <span>kcal</span></span>
                <a class="info" title="Producto con 178 kilocalorías" href="javascript:void(0);">
                    <span class="info_text">Producto con 178 kilocalorías.</span>
                </a>
            

            
                
                    <img class="info_icon" alt="10% Descuento para suscriptores Condisline Prime" src="//static.condisline.com/resize_39x39/images/product_icons/icon_subscription.png" width="39" height="39">

                    
                        <a class="info" title="10% Descuento para suscriptores Condisline Prime" href="javascript:void(0);">
                            <span class="info_text">10% Descuento para suscriptores Condisline Prime</span>
                        </a>
                    
                
                    <img class="info_icon" alt="Producto sin gluten" src="//static.condisline.com/resize_39x39/images/product_icons/no_gluten.png" width="39" height="39">

                    
                        <a class="info" title="Producto sin gluten" href="javascript:void(0);">
                            <span class="info_text">Producto sin gluten</span>
                        </a>
                    
                
            
        </div>

        <img class="article_image" alt="ARROZ REDONDO TRADICIONAL BRILLANTE FORMATO XL 2 X 200 G" data-original="//static.condisline.com/resize_190x200/images/catalog/large/211497.jpg" src="//static.condisline.com/resize_190x200/images/catalog/large/211497.jpg" width="190" height="200" style="display: block;">

        <meta itemprop="image" content="//static.condisline.com/resize_190x200/images/catalog/large/211497.jpg">

        <div class="article_price_container" itemprop="offers" itemscope="" itemtype="http://schema.org/Offer">

            <!-- Price -->
            
                
                <span class="article_price" itemprop="price"><span id="list_price_211497">2,39</span></span>
                <span class="currency">€</span>
                <script>
                    formatNumber('2.39', 'list_price_211497');
                </script>
            

            <meta itemprop="priceCurrency" content="EUR">
            <div class="unit_container">
                
                    <a class="substract_button" title="Menos" href="javascript:void(0);">-</a>
                
                <label class="quantity_container">
                    
                        
                            <input class="input_quantity_product" id="item_quantity_211497" type="number" data-product="211497" value="" min="1" max="999" required="" autocomplete="off">
                        
                    
                </label>
                
                    <a class="add_button" title="Más" href="javascript:void(0);">+</a>
                    <a class="added_tick" title="Cambiar unidades" href="javascript:void(0);"></a>
                
            </div>

            
                
                    <div class="article_pum">
                        <span>      5,98€/Kilo</span>
                    </div>
                
            

            
                
                    <a data-product-id="211497" class="orange_button btn_add2cart" title="Añadir al carrito" onclick="dataLayer.push({event: 'event_gtm',category:'acciones usuario', action:'a�adir producto desde listado'})" href="javascript:addToCartFromItemList('211497')">AÑADIR AL CARRITO &gt;</a>
                
            
            <span class="added_button">En carrito</span>

            
            
            <a class="white_button" title="Añadir a mi lista" href="javascript:addToListFromItemList('211497')" onclick="dataLayer.push({event: 'event_gtm',category:'acciones usuario', action:'a�adir producto a lista'});">Añadir a mi lista</a>
            
            
        </div>

        
            <a class="article_link" title="Ver ficha de ARROZ REDONDO TRADICIONAL BRILLANTE FORMATO XL 2 X 200 G" href="/ARROZ-REDONDO-TRADICIONAL-BRILLANTE-FORMATO-XL-2-X-200-G_211497_prd_es_ES.jsp" onclick="javascript:callingTaggingEnpoints('')" itemprop="url"></a>
        
        <div class="hover_container">
            <div class="hover">
                <div class="info_symbol"></div>
            </div>
        </div>

        

        
    </article>
            </li>
        
            <li class="article" itemprop="itemListElement" itemscope="" itemtype="http://schema.org/Product">
                
    <article class="article_container" id="item_description_121350">


    
        <a class="article_name" title="Ver ficha de PASTA CONDIS VEGETAL ESPIRALES 500 G" href="/PASTA-CONDIS-VEGETAL-ESPIRALES-500-G_121350_prd_es_ES.jsp" itemprop="url"><span itemprop="name" id="description_text">PASTA CONDIS VEGETAL ESPIRALES 500 G</span></a>
    

        <!--informacion de gluten y calorias -->
        <div class="info_container">

            
                <span class="calories">344 <span>kcal</span></span>
                <a class="info" title="Producto con 344 kilocalorías" href="javascript:void(0);">
                    <span class="info_text">Producto con 344 kilocalorías.</span>
                </a>
            

            
                
                    <img class="info_icon" alt="10% Descuento para suscriptores Condisline Prime" src="//static.condisline.com/resize_39x39/images/product_icons/icon_subscription.png" width="39" height="39">

                    
                        <a class="info" title="10% Descuento para suscriptores Condisline Prime" href="javascript:void(0);">
                            <span class="info_text">10% Descuento para suscriptores Condisline Prime</span>
                        </a>
                    
                
                    <img class="info_icon" alt="Marca propia" src="//static.condisline.com/resize_39x39/images/product_icons/marca_propia.png" width="39" height="39">

                    
                        <a class="info" title="Marca propia" href="javascript:void(0);">
                            <span class="info_text">Marca propia</span>
                        </a>
                    
                
            
        </div>

        <img class="article_image" alt="PASTA CONDIS VEGETAL ESPIRALES 500 G" data-original="//static.condisline.com/resize_190x200/images/catalog/large/121350.jpg" src="//static.condisline.com/resize_190x200/images/catalog/large/121350.jpg" width="190" height="200" style="display: block;">

        <meta itemprop="image" content="//static.condisline.com/resize_190x200/images/catalog/large/121350.jpg">

        <div class="article_price_container" itemprop="offers" itemscope="" itemtype="http://schema.org/Offer">

            <!-- Price -->
            
                
                <span class="article_price" itemprop="price"><span id="list_price_121350">0,99</span></span>
                <span class="currency">€</span>
                <script>
                    formatNumber('0.99', 'list_price_121350');
                </script>
            

            <meta itemprop="priceCurrency" content="EUR">
            <div class="unit_container">
                
                    <a class="substract_button" title="Menos" href="javascript:void(0);">-</a>
                
                <label class="quantity_container">
                    
                        
                            <input class="input_quantity_product" id="item_quantity_121350" type="number" data-product="121350" value="" min="1" max="999" required="" autocomplete="off">
                        
                    
                </label>
                
                    <a class="add_button" title="Más" href="javascript:void(0);">+</a>
                    <a class="added_tick" title="Cambiar unidades" href="javascript:void(0);"></a>
                
            </div>

            
                
                    <div class="article_pum">
                        <span>      1,98€/Kilo</span>
                    </div>
                
            

            
                
                    <a data-product-id="121350" class="orange_button btn_add2cart" title="Añadir al carrito" onclick="dataLayer.push({event: 'event_gtm',category:'acciones usuario', action:'a�adir producto desde listado'})" href="javascript:addToCartFromItemList('121350')">AÑADIR AL CARRITO &gt;</a>
                
            
            <span class="added_button">En carrito</span>

            
            
            <a class="white_button" title="Añadir a mi lista" href="javascript:addToListFromItemList('121350')" onclick="dataLayer.push({event: 'event_gtm',category:'acciones usuario', action:'a�adir producto a lista'});">Añadir a mi lista</a>
            
            
        </div>

        
            <a class="article_link" title="Ver ficha de PASTA CONDIS VEGETAL ESPIRALES 500 G" href="/PASTA-CONDIS-VEGETAL-ESPIRALES-500-G_121350_prd_es_ES.jsp" onclick="javascript:callingTaggingEnpoints('')" itemprop="url"></a>
        
        <div class="hover_container">
            <div class="hover">
                <div class="info_symbol"></div>
            </div>
        </div>

        

        
    </article>
            </li>
        
            <li class="article" itemprop="itemListElement" itemscope="" itemtype="http://schema.org/Product">
                
    <article class="article_container" id="item_description_121146">


    
        <a class="article_name" title="Ver ficha de PASTA CONDIS SPAGUETI 500 G" href="/PASTA-CONDIS-SPAGUETI-500-G_121146_prd_es_ES.jsp" itemprop="url"><span itemprop="name" id="description_text">PASTA CONDIS SPAGUETI 500 G</span></a>
    

        <!--informacion de gluten y calorias -->
        <div class="info_container">

            
                <span class="calories">344 <span>kcal</span></span>
                <a class="info" title="Producto con 344 kilocalorías" href="javascript:void(0);">
                    <span class="info_text">Producto con 344 kilocalorías.</span>
                </a>
            

            
                
                    <img class="info_icon" alt="10% Descuento para suscriptores Condisline Prime" src="//static.condisline.com/resize_39x39/images/product_icons/icon_subscription.png" width="39" height="39">

                    
                        <a class="info" title="10% Descuento para suscriptores Condisline Prime" href="javascript:void(0);">
                            <span class="info_text">10% Descuento para suscriptores Condisline Prime</span>
                        </a>
                    
                
                    <img class="info_icon" alt="Marca propia" src="//static.condisline.com/resize_39x39/images/product_icons/marca_propia.png" width="39" height="39">

                    
                        <a class="info" title="Marca propia" href="javascript:void(0);">
                            <span class="info_text">Marca propia</span>
                        </a>
                    
                
            
        </div>

        <img class="article_image" alt="PASTA CONDIS SPAGUETI 500 G" data-original="//static.condisline.com/resize_190x200/images/catalog/large/121146.jpg" src="//static.condisline.com/resize_190x200/images/catalog/large/121146.jpg" width="190" height="200" style="display: block;">

        <meta itemprop="image" content="//static.condisline.com/resize_190x200/images/catalog/large/121146.jpg">

        <div class="article_price_container" itemprop="offers" itemscope="" itemtype="http://schema.org/Offer">

            <!-- Price -->
            
                
                <span class="article_price" itemprop="price"><span id="list_price_121146">0,79</span></span>
                <span class="currency">€</span>
                <script>
                    formatNumber('0.79', 'list_price_121146');
                </script>
            

            <meta itemprop="priceCurrency" content="EUR">
            <div class="unit_container">
                
                    <a class="substract_button" title="Menos" href="javascript:void(0);">-</a>
                
                <label class="quantity_container">
                    
                        
                            <input class="input_quantity_product" id="item_quantity_121146" type="number" data-product="121146" value="" min="1" max="999" required="" autocomplete="off">
                        
                    
                </label>
                
                    <a class="add_button" title="Más" href="javascript:void(0);">+</a>
                    <a class="added_tick" title="Cambiar unidades" href="javascript:void(0);"></a>
                
            </div>

            
                
                    <div class="article_pum">
                        <span>      1,58€/Kilo</span>
                    </div>
                
            

            
                
                    <a data-product-id="121146" class="orange_button btn_add2cart" title="Añadir al carrito" onclick="dataLayer.push({event: 'event_gtm',category:'acciones usuario', action:'a�adir producto desde listado'})" href="javascript:addToCartFromItemList('121146')">AÑADIR AL CARRITO &gt;</a>
                
            
            <span class="added_button">En carrito</span>

            
            
            <a class="white_button" title="Añadir a mi lista" href="javascript:addToListFromItemList('121146')" onclick="dataLayer.push({event: 'event_gtm',category:'acciones usuario', action:'a�adir producto a lista'});">Añadir a mi lista</a>
            
            
        </div>

        
            <a class="article_link" title="Ver ficha de PASTA CONDIS SPAGUETI 500 G" href="/PASTA-CONDIS-SPAGUETI-500-G_121146_prd_es_ES.jsp" onclick="javascript:callingTaggingEnpoints('')" itemprop="url"></a>
        
        <div class="hover_container">
            <div class="hover">
                <div class="info_symbol"></div>
            </div>
        </div>

        

        
    </article>
            </li>
        
            <li class="article" itemprop="itemListElement" itemscope="" itemtype="http://schema.org/Product">
                
    <article class="article_container" id="item_description_121156">


    
        <a class="article_name" title="Ver ficha de PASTA BARILLA PENNE RIGATE 500 G" href="/PASTA-BARILLA-PENNE-RIGATE-500-G_121156_prd_es_ES.jsp" itemprop="url"><span itemprop="name" id="description_text">PASTA BARILLA PENNE RIGATE 500 G</span></a>
    

        <!--informacion de gluten y calorias -->
        <div class="info_container">

            
                <span class="calories">359 <span>kcal</span></span>
                <a class="info" title="Producto con 359 kilocalorías" href="javascript:void(0);">
                    <span class="info_text">Producto con 359 kilocalorías.</span>
                </a>
            

            
                
                    <img class="info_icon" alt="10% Descuento para suscriptores Condisline Prime" src="//static.condisline.com/resize_39x39/images/product_icons/icon_subscription.png" width="39" height="39">

                    
                        <a class="info" title="10% Descuento para suscriptores Condisline Prime" href="javascript:void(0);">
                            <span class="info_text">10% Descuento para suscriptores Condisline Prime</span>
                        </a>
                    
                
            
        </div>

        <img class="article_image" alt="PASTA BARILLA PENNE RIGATE 500 G" data-original="//static.condisline.com/resize_190x200/images/catalog/large/121156.jpg" src="//static.condisline.com/resize_190x200/images/catalog/large/121156.jpg" width="190" height="200" style="display: block;">

        <meta itemprop="image" content="//static.condisline.com/resize_190x200/images/catalog/large/121156.jpg">

        <div class="article_price_container" itemprop="offers" itemscope="" itemtype="http://schema.org/Offer">

            <!-- Price -->
            
                
                <span class="article_price" itemprop="price"><span id="list_price_121156">1,69</span></span>
                <span class="currency">€</span>
                <script>
                    formatNumber('1.69', 'list_price_121156');
                </script>
            

            <meta itemprop="priceCurrency" content="EUR">
            <div class="unit_container">
                
                    <a class="substract_button" title="Menos" href="javascript:void(0);">-</a>
                
                <label class="quantity_container">
                    
                        
                            <input class="input_quantity_product" id="item_quantity_121156" type="number" data-product="121156" value="" min="1" max="999" required="" autocomplete="off">
                        
                    
                </label>
                
                    <a class="add_button" title="Más" href="javascript:void(0);">+</a>
                    <a class="added_tick" title="Cambiar unidades" href="javascript:void(0);"></a>
                
            </div>

            
                
                    <div class="article_pum">
                        <span>      3,38€/Kilo</span>
                    </div>
                
            

            
                
                    <a data-product-id="121156" class="orange_button btn_add2cart" title="Añadir al carrito" onclick="dataLayer.push({event: 'event_gtm',category:'acciones usuario', action:'a�adir producto desde listado'})" href="javascript:addToCartFromItemList('121156')">AÑADIR AL CARRITO &gt;</a>
                
            
            <span class="added_button">En carrito</span>

            
            
            <a class="white_button" title="Añadir a mi lista" href="javascript:addToListFromItemList('121156')" onclick="dataLayer.push({event: 'event_gtm',category:'acciones usuario', action:'a�adir producto a lista'});">Añadir a mi lista</a>
            
            
        </div>

        
            <a class="article_link" title="Ver ficha de PASTA BARILLA PENNE RIGATE 500 G" href="/PASTA-BARILLA-PENNE-RIGATE-500-G_121156_prd_es_ES.jsp" onclick="javascript:callingTaggingEnpoints('')" itemprop="url"></a>
        
        <div class="hover_container">
            <div class="hover">
                <div class="info_symbol"></div>
            </div>
        </div>

        

        
    </article>
            </li>
        
            <li class="article" itemprop="itemListElement" itemscope="" itemtype="http://schema.org/Product">
                
    <article class="article_container" id="item_description_211265">


    
        <a class="article_name" title="Ver ficha de ARROZ INTEGRAL BRILLANTE VASITOS 2 UNIDADES" href="/ARROZ-INTEGRAL-BRILLANTE-VASITOS-2-UNIDADES_211265_prd_es_ES.jsp" itemprop="url"><span itemprop="name" id="description_text">ARROZ INTEGRAL BRILLANTE VASITOS 2 UNIDADES</span></a>
    

        <!--informacion de gluten y calorias -->
        <div class="info_container">

            
                <span class="calories">172 <span>kcal</span></span>
                <a class="info" title="Producto con 172 kilocalorías" href="javascript:void(0);">
                    <span class="info_text">Producto con 172 kilocalorías.</span>
                </a>
            

            
                
                    <img class="info_icon" alt="10% Descuento para suscriptores Condisline Prime" src="//static.condisline.com/resize_39x39/images/product_icons/icon_subscription.png" width="39" height="39">

                    
                        <a class="info" title="10% Descuento para suscriptores Condisline Prime" href="javascript:void(0);">
                            <span class="info_text">10% Descuento para suscriptores Condisline Prime</span>
                        </a>
                    
                
            
        </div>

        <img class="article_image" alt="ARROZ INTEGRAL BRILLANTE VASITOS 2 UNIDADES" data-original="//static.condisline.com/resize_190x200/images/catalog/large/211265.jpg" src="//static.condisline.com/resize_190x200/images/catalog/large/211265.jpg" width="190" height="200" style="display: block;">

        <meta itemprop="image" content="//static.condisline.com/resize_190x200/images/catalog/large/211265.jpg">

        <div class="article_price_container" itemprop="offers" itemscope="" itemtype="http://schema.org/Offer">

            <!-- Price -->
            
                
                <span class="article_price" itemprop="price"><span id="list_price_211265">1,25</span></span>
                <span class="currency">€</span>
                <script>
                    formatNumber('1.25', 'list_price_211265');
                </script>
            

            <meta itemprop="priceCurrency" content="EUR">
            <div class="unit_container">
                
                    <a class="substract_button" title="Menos" href="javascript:void(0);">-</a>
                
                <label class="quantity_container">
                    
                        
                            <input class="input_quantity_product" id="item_quantity_211265" type="number" data-product="211265" value="" min="1" max="999" required="" autocomplete="off">
                        
                    
                </label>
                
                    <a class="add_button" title="Más" href="javascript:void(0);">+</a>
                    <a class="added_tick" title="Cambiar unidades" href="javascript:void(0);"></a>
                
            </div>

            
                
                    <div class="article_pum">
                        <span>      5,00€/Kilo</span>
                    </div>
                
            

            
                
                    <a data-product-id="211265" class="orange_button btn_add2cart" title="Añadir al carrito" onclick="dataLayer.push({event: 'event_gtm',category:'acciones usuario', action:'a�adir producto desde listado'})" href="javascript:addToCartFromItemList('211265')">AÑADIR AL CARRITO &gt;</a>
                
            
            <span class="added_button">En carrito</span>

            
            
            <a class="white_button" title="Añadir a mi lista" href="javascript:addToListFromItemList('211265')" onclick="dataLayer.push({event: 'event_gtm',category:'acciones usuario', action:'a�adir producto a lista'});">Añadir a mi lista</a>
            
            
        </div>

        
            <a class="article_link" title="Ver ficha de ARROZ INTEGRAL BRILLANTE VASITOS 2 UNIDADES" href="/ARROZ-INTEGRAL-BRILLANTE-VASITOS-2-UNIDADES_211265_prd_es_ES.jsp" onclick="javascript:callingTaggingEnpoints('')" itemprop="url"></a>
        
        <div class="hover_container">
            <div class="hover">
                <div class="info_symbol"></div>
            </div>
        </div>

        

        
    </article>
            </li>
        
    <!--    <ul id="carousel_articles" class="articles_list" itemscope="" itemtype="http://schema.org/ItemList"> -->                    <li class="article" itemprop="itemListElement" itemscope="" itemtype="http://schema.org/Product">                    <article class="article_container" id="item_description_211650">            <a class="article_name" title="Ver ficha de ARROZ INTEGRAL BRILLANTE CON QUINOA 2 UNIDADES" href="/ARROZ-INTEGRAL-BRILLANTE-CON-QUINOA-2-UNIDADES_211650_prd_es_ES.jsp" itemprop="url"><span itemprop="name" id="description_text">ARROZ INTEGRAL BRILLANTE CON QUINOA 2 UNIDADES</span></a>            <!--informacion de gluten y calorias -->        <div class="info_container">                            <span class="calories">176 <span>kcal</span></span>                <a class="info" title="Producto con 176 kilocalorías" href="javascript:void(0);">                    <span class="info_text">Producto con 176 kilocalorías.</span>                </a>                                                            <img class="info_icon" alt="10% Descuento para suscriptores Condisline Prime" src="//static.condisline.com/resize_39x39/images/product_icons/icon_subscription.png" width="39" height="39">                                            <a class="info" title="10% Descuento para suscriptores Condisline Prime" href="javascript:void(0);">                            <span class="info_text">10% Descuento para suscriptores Condisline Prime</span>                        </a>                                                        </div>        <img class="article_image" alt="ARROZ INTEGRAL BRILLANTE CON QUINOA 2 UNIDADES" data-original="//static.condisline.com/resize_190x200/images/catalog/large/211650.jpg" src="//static.condisline.com/resize_190x200/images/catalog/large/211650.jpg" width="190" height="200" style="display: block;">        <meta itemprop="image" content="//static.condisline.com/resize_190x200/images/catalog/large/211650.jpg">        <div class="article_price_container" itemprop="offers" itemscope="" itemtype="http://schema.org/Offer">            <!-- Price -->                                            <span class="article_price" itemprop="price"><span id="list_price_211650">1,49</span></span>                <span class="currency">€</span>                <script>                    formatNumber('1.49', 'list_price_211650');                </script>                        <meta itemprop="priceCurrency" content="EUR">            <div class="unit_container">                                    <a class="substract_button" title="Menos" href="javascript:void(0);">-</a>                                <label class="quantity_container">                                                                        <input class="input_quantity_product" id="item_quantity_211650" type="number" data-product="211650" value="" min="1" max="999" required="" autocomplete="off">                                                            </label>                                    <a class="add_button" title="Más" href="javascript:void(0);">+</a>                    <a class="added_tick" title="Cambiar unidades" href="javascript:void(0);"></a>                            </div>                                                <div class="article_pum">                        <span>      5,96€/Kilo</span>                    </div>                                                                            <a data-product-id="211650" class="orange_button btn_add2cart" title="Añadir al carrito" onclick="dataLayer.push({event: 'event_gtm',category:'acciones usuario', action:'a�adir producto desde listado'})" href="javascript:addToCartFromItemList('211650')">AÑADIR AL CARRITO &gt;</a>                                        <span class="added_button">En carrito</span>                                    <a class="white_button" title="Añadir a mi lista" href="javascript:addToListFromItemList('211650')" onclick="dataLayer.push({event: 'event_gtm',category:'acciones usuario', action:'a�adir producto a lista'});">Añadir a mi lista</a>                                </div>                    <a class="article_link" title="Ver ficha de ARROZ INTEGRAL BRILLANTE CON QUINOA 2 UNIDADES" href="/ARROZ-INTEGRAL-BRILLANTE-CON-QUINOA-2-UNIDADES_211650_prd_es_ES.jsp" onclick="javascript:callingTaggingEnpoints('')" itemprop="url"></a>                <div class="hover_container">            <div class="hover">                <div class="info_symbol"></div>            </div>        </div>                    </article>            </li>                    <li class="article" itemprop="itemListElement" itemscope="" itemtype="http://schema.org/Product">                    <article class="article_container" id="item_description_103003">            <a class="article_name" title="Ver ficha de ARROZ MONTSIÀ EXTRA 1 KG" href="/ARROZ-MONTSIA-EXTRA-1-KG_103003_prd_es_ES.jsp" itemprop="url"><span itemprop="name" id="description_text">ARROZ MONTSIÀ EXTRA 1 KG</span></a>            <!--informacion de gluten y calorias -->        <div class="info_container">                            <span class="calories">343 <span>kcal</span></span>                <a class="info" title="Producto con 343 kilocalorías" href="javascript:void(0);">                    <span class="info_text">Producto con 343 kilocalorías.</span>                </a>                                                            <img class="info_icon" alt="10% Descuento para suscriptores Condisline Prime" src="//static.condisline.com/resize_39x39/images/product_icons/icon_subscription.png" width="39" height="39">                                            <a class="info" title="10% Descuento para suscriptores Condisline Prime" href="javascript:void(0);">                            <span class="info_text">10% Descuento para suscriptores Condisline Prime</span>                        </a>                                                        </div>        <img class="article_image" alt="ARROZ MONTSIÀ EXTRA 1 KG" data-original="//static.condisline.com/resize_190x200/images/catalog/large/103003.jpg" src="//static.condisline.com/resize_190x200/images/catalog/large/103003.jpg" width="190" height="200" style="display: block;">        <meta itemprop="image" content="//static.condisline.com/resize_190x200/images/catalog/large/103003.jpg">        <div class="article_price_container" itemprop="offers" itemscope="" itemtype="http://schema.org/Offer">            <!-- Price -->                                            <span class="article_price" itemprop="price"><span id="list_price_103003">1,93</span></span>                <span class="currency">€</span>                <script>                    formatNumber('1.93', 'list_price_103003');                </script>                        <meta itemprop="priceCurrency" content="EUR">            <div class="unit_container">                                    <a class="substract_button" title="Menos" href="javascript:void(0);">-</a>                                <label class="quantity_container">                                                                        <input class="input_quantity_product" id="item_quantity_103003" type="number" data-product="103003" value="" min="1" max="999" required="" autocomplete="off">                                                            </label>                                    <a class="add_button" title="Más" href="javascript:void(0);">+</a>                    <a class="added_tick" title="Cambiar unidades" href="javascript:void(0);"></a>                            </div>                                                <div class="article_pum">                        <span>      1,93€/Kilo</span>                    </div>                                                                            <a data-product-id="103003" class="orange_button btn_add2cart" title="Añadir al carrito" onclick="dataLayer.push({event: 'event_gtm',category:'acciones usuario', action:'a�adir producto desde listado'})" href="javascript:addToCartFromItemList('103003')">AÑADIR AL CARRITO &gt;</a>                                        <span class="added_button">En carrito</span>                                    <a class="white_button" title="Añadir a mi lista" href="javascript:addToListFromItemList('103003')" onclick="dataLayer.push({event: 'event_gtm',category:'acciones usuario', action:'a�adir producto a lista'});">Añadir a mi lista</a>                                </div>                    <a class="article_link" title="Ver ficha de ARROZ MONTSIÀ EXTRA 1 KG" href="/ARROZ-MONTSIA-EXTRA-1-KG_103003_prd_es_ES.jsp" onclick="javascript:callingTaggingEnpoints('')" itemprop="url"></a>                <div class="hover_container">            <div class="hover">                <div class="info_symbol"></div>            </div>        </div>                    </article>            </li>                    <li class="article" itemprop="itemListElement" itemscope="" itemtype="http://schema.org/Product">                    <article class="article_container" id="item_description_121158">            <a class="article_name" title="Ver ficha de PASTA BARILLA SPAGHETTI N.5 500 G" href="/PASTA-BARILLA-SPAGHETTI-N-5-500-G_121158_prd_es_ES.jsp" itemprop="url"><span itemprop="name" id="description_text">PASTA BARILLA SPAGHETTI N.5 500 G</span></a>            <!--informacion de gluten y calorias -->        <div class="info_container">                            <span class="calories">359 <span>kcal</span></span>                <a class="info" title="Producto con 359 kilocalorías" href="javascript:void(0);">                    <span class="info_text">Producto con 359 kilocalorías.</span>                </a>                                                            <img class="info_icon" alt="10% Descuento para suscriptores Condisline Prime" src="//static.condisline.com/resize_39x39/images/product_icons/icon_subscription.png" width="39" height="39">                                            <a class="info" title="10% Descuento para suscriptores Condisline Prime" href="javascript:void(0);">                            <span class="info_text">10% Descuento para suscriptores Condisline Prime</span>                        </a>                                                        </div>        <img class="article_image" alt="PASTA BARILLA SPAGHETTI N.5 500 G" data-original="//static.condisline.com/resize_190x200/images/catalog/large/121158.jpg" src="//static.condisline.com/resize_190x200/images/catalog/large/121158.jpg" width="190" height="200" style="display: block;">        <meta itemprop="image" content="//static.condisline.com/resize_190x200/images/catalog/large/121158.jpg">        <div class="article_price_container" itemprop="offers" itemscope="" itemtype="http://schema.org/Offer">            <!-- Price -->                                            <span class="article_price" itemprop="price"><span id="list_price_121158">1,69</span></span>                <span class="currency">€</span>                <script>                    formatNumber('1.69', 'list_price_121158');                </script>                        <meta itemprop="priceCurrency" content="EUR">            <div class="unit_container">                                    <a class="substract_button" title="Menos" href="javascript:void(0);">-</a>                                <label class="quantity_container">                                                                        <input class="input_quantity_product" id="item_quantity_121158" type="number" data-product="121158" value="" min="1" max="999" required="" autocomplete="off">                                                            </label>                                    <a class="add_button" title="Más" href="javascript:void(0);">+</a>                    <a class="added_tick" title="Cambiar unidades" href="javascript:void(0);"></a>                            </div>                                                <div class="article_pum">                        <span>      3,38€/Kilo</span>                    </div>                                                                            <a data-product-id="121158" class="orange_button btn_add2cart" title="Añadir al carrito" onclick="dataLayer.push({event: 'event_gtm',category:'acciones usuario', action:'a�adir producto desde listado'})" href="javascript:addToCartFromItemList('121158')">AÑADIR AL CARRITO &gt;</a>                                        <span class="added_button">En carrito</span>                                    <a class="white_button" title="Añadir a mi lista" href="javascript:addToListFromItemList('121158')" onclick="dataLayer.push({event: 'event_gtm',category:'acciones usuario', action:'a�adir producto a lista'});">Añadir a mi lista</a>                                </div>                    <a class="article_link" title="Ver ficha de PASTA BARILLA SPAGHETTI N.5 500 G" href="/PASTA-BARILLA-SPAGHETTI-N-5-500-G_121158_prd_es_ES.jsp" onclick="javascript:callingTaggingEnpoints('')" itemprop="url"></a>                <div class="hover_container">            <div class="hover">                <div class="info_symbol"></div>            </div>        </div>                    </article>            </li>                    <li class="article" itemprop="itemListElement" itemscope="" itemtype="http://schema.org/Product">                    <article class="article_container" id="item_description_121014">            <a class="article_name" title="Ver ficha de PASTA GALLO TALLARINAS 450 G" href="/PASTA-GALLO-TALLARINAS-450-G_121014_prd_es_ES.jsp" itemprop="url"><span itemprop="name" id="description_text">PASTA GALLO TALLARINAS 450 G</span></a>            <!--informacion de gluten y calorias -->        <div class="info_container">                            <span class="calories">344 <span>kcal</span></span>                <a class="info" title="Producto con 344 kilocalorías" href="javascript:void(0);">                    <span class="info_text">Producto con 344 kilocalorías.</span>                </a>                                                            <img class="info_icon" alt="10% Descuento para suscriptores Condisline Prime" src="//static.condisline.com/resize_39x39/images/product_icons/icon_subscription.png" width="39" height="39">                                            <a class="info" title="10% Descuento para suscriptores Condisline Prime" href="javascript:void(0);">                            <span class="info_text">10% Descuento para suscriptores Condisline Prime</span>                        </a>                                                        </div>        <img class="article_image" alt="PASTA GALLO TALLARINAS 450 G" data-original="//static.condisline.com/resize_190x200/images/catalog/large/121014.jpg" src="//static.condisline.com/resize_190x200/images/catalog/large/121014.jpg" width="190" height="200" style="display: block;">        <meta itemprop="image" content="//static.condisline.com/resize_190x200/images/catalog/large/121014.jpg">        <div class="article_price_container" itemprop="offers" itemscope="" itemtype="http://schema.org/Offer">            <!-- Price -->                                            <span class="article_price" itemprop="price"><span id="list_price_121014">1,39</span></span>                <span class="currency">€</span>                <script>                    formatNumber('1.39', 'list_price_121014');                </script>                        <meta itemprop="priceCurrency" content="EUR">            <div class="unit_container">                                    <a class="substract_button" title="Menos" href="javascript:void(0);">-</a>                                <label class="quantity_container">                                                                        <input class="input_quantity_product" id="item_quantity_121014" type="number" data-product="121014" value="" min="1" max="999" required="" autocomplete="off">                                                            </label>                                    <a class="add_button" title="Más" href="javascript:void(0);">+</a>                    <a class="added_tick" title="Cambiar unidades" href="javascript:void(0);"></a>                            </div>                                                <div class="article_pum">                        <span>      3,09€/Kilo</span>                    </div>                                                                            <a data-product-id="121014" class="orange_button btn_add2cart" title="Añadir al carrito" onclick="dataLayer.push({event: 'event_gtm',category:'acciones usuario', action:'a�adir producto desde listado'})" href="javascript:addToCartFromItemList('121014')">AÑADIR AL CARRITO &gt;</a>                                        <span class="added_button">En carrito</span>                                    <a class="white_button" title="Añadir a mi lista" href="javascript:addToListFromItemList('121014')" onclick="dataLayer.push({event: 'event_gtm',category:'acciones usuario', action:'a�adir producto a lista'});">Añadir a mi lista</a>                                </div>                    <a class="article_link" title="Ver ficha de PASTA GALLO TALLARINAS 450 G" href="/PASTA-GALLO-TALLARINAS-450-G_121014_prd_es_ES.jsp" onclick="javascript:callingTaggingEnpoints('')" itemprop="url"></a>                <div class="hover_container">            <div class="hover">                <div class="info_symbol"></div>            </div>        </div>                    </article>            </li>                    <li class="article" itemprop="itemListElement" itemscope="" itemtype="http://schema.org/Product">                    <article class="article_container" id="item_description_118029">            <a class="article_name" title="Ver ficha de PASTA GALLO HÉLICES VEGETALES 450 G" href="/PASTA-GALLO-HELICES-VEGETALES-450-G_118029_prd_es_ES.jsp" itemprop="url"><span itemprop="name" id="description_text">PASTA GALLO HÉLICES VEGETALES 450 G</span></a>            <!--informacion de gluten y calorias -->        <div class="info_container">                            <span class="calories">344 <span>kcal</span></span>                <a class="info" title="Producto con 344 kilocalorías" href="javascript:void(0);">                    <span class="info_text">Producto con 344 kilocalorías.</span>                </a>                                                            <img class="info_icon" alt="10% Descuento para suscriptores Condisline Prime" src="//static.condisline.com/resize_39x39/images/product_icons/icon_subscription.png" width="39" height="39">                                            <a class="info" title="10% Descuento para suscriptores Condisline Prime" href="javascript:void(0);">                            <span class="info_text">10% Descuento para suscriptores Condisline Prime</span>                        </a>                                                        </div>        <img class="article_image" alt="PASTA GALLO HÉLICES VEGETALES 450 G" data-original="//static.condisline.com/resize_190x200/images/catalog/large/118029.jpg" src="//static.condisline.com/resize_190x200/images/catalog/large/118029.jpg" width="190" height="200" style="display: block;">        <meta itemprop="image" content="//static.condisline.com/resize_190x200/images/catalog/large/118029.jpg">        <div class="article_price_container" itemprop="offers" itemscope="" itemtype="http://schema.org/Offer">            <!-- Price -->                                            <span class="article_price" itemprop="price"><span id="list_price_118029">1,79</span></span>                <span class="currency">€</span>                <script>                    formatNumber('1.79', 'list_price_118029');                </script>                        <meta itemprop="priceCurrency" content="EUR">            <div class="unit_container">                                    <a class="substract_button" title="Menos" href="javascript:void(0);">-</a>                                <label class="quantity_container">                                                                        <input class="input_quantity_product" id="item_quantity_118029" type="number" data-product="118029" value="" min="1" max="999" required="" autocomplete="off">                                                            </label>                                    <a class="add_button" title="Más" href="javascript:void(0);">+</a>                    <a class="added_tick" title="Cambiar unidades" href="javascript:void(0);"></a>                            </div>                                                <div class="article_pum">                        <span>      3,98€/Kilo</span>                    </div>                                                                            <a data-product-id="118029" class="orange_button btn_add2cart" title="Añadir al carrito" onclick="dataLayer.push({event: 'event_gtm',category:'acciones usuario', action:'a�adir producto desde listado'})" href="javascript:addToCartFromItemList('118029')">AÑADIR AL CARRITO &gt;</a>                                        <span class="added_button">En carrito</span>                                    <a class="white_button" title="Añadir a mi lista" href="javascript:addToListFromItemList('118029')" onclick="dataLayer.push({event: 'event_gtm',category:'acciones usuario', action:'a�adir producto a lista'});">Añadir a mi lista</a>                                </div>                    <a class="article_link" title="Ver ficha de PASTA GALLO HÉLICES VEGETALES 450 G" href="/PASTA-GALLO-HELICES-VEGETALES-450-G_118029_prd_es_ES.jsp" onclick="javascript:callingTaggingEnpoints('')" itemprop="url"></a>                <div class="hover_container">            <div class="hover">                <div class="info_symbol"></div>            </div>        </div>                    </article>            </li>                    <li class="article" itemprop="itemListElement" itemscope="" itemtype="http://schema.org/Product">                    <article class="article_container" id="item_description_103014">            <a class="article_name" title="Ver ficha de ARROZ NOMEN BASMATI 500 G" href="/ARROZ-NOMEN-BASMATI-500-G_103014_prd_es_ES.jsp" itemprop="url"><span itemprop="name" id="description_text">ARROZ NOMEN BASMATI 500 G</span></a>            <!--informacion de gluten y calorias -->        <div class="info_container">                            <span class="calories">388 <span>kcal</span></span>                <a class="info" title="Producto con 388 kilocalorías" href="javascript:void(0);">                    <span class="info_text">Producto con 388 kilocalorías.</span>                </a>                                                            <img class="info_icon" alt="10% Descuento para suscriptores Condisline Prime" src="//static.condisline.com/resize_39x39/images/product_icons/icon_subscription.png" width="39" height="39">                                            <a class="info" title="10% Descuento para suscriptores Condisline Prime" href="javascript:void(0);">                            <span class="info_text">10% Descuento para suscriptores Condisline Prime</span>                        </a>                                                        </div>        <img class="article_image" alt="ARROZ NOMEN BASMATI 500 G" data-original="//static.condisline.com/resize_190x200/images/catalog/large/103014.jpg" src="//static.condisline.com/resize_190x200/images/catalog/large/103014.jpg" width="190" height="200" style="display: block;">        <meta itemprop="image" content="//static.condisline.com/resize_190x200/images/catalog/large/103014.jpg">        <div class="article_price_container" itemprop="offers" itemscope="" itemtype="http://schema.org/Offer">            <!-- Price -->                                            <span class="article_price" itemprop="price"><span id="list_price_103014">1,88</span></span>                <span class="currency">€</span>                <script>                    formatNumber('1.88', 'list_price_103014');                </script>                        <meta itemprop="priceCurrency" content="EUR">            <div class="unit_container">                                    <a class="substract_button" title="Menos" href="javascript:void(0);">-</a>                                <label class="quantity_container">                                                                        <input class="input_quantity_product" id="item_quantity_103014" type="number" data-product="103014" value="" min="1" max="999" required="" autocomplete="off">                                                            </label>                                    <a class="add_button" title="Más" href="javascript:void(0);">+</a>                    <a class="added_tick" title="Cambiar unidades" href="javascript:void(0);"></a>                            </div>                                                <div class="article_pum">                        <span>      3,76€/Kilo</span>                    </div>                                                                            <a data-product-id="103014" class="orange_button btn_add2cart" title="Añadir al carrito" onclick="dataLayer.push({event: 'event_gtm',category:'acciones usuario', action:'a�adir producto desde listado'})" href="javascript:addToCartFromItemList('103014')">AÑADIR AL CARRITO &gt;</a>                                        <span class="added_button">En carrito</span>                                    <a class="white_button" title="Añadir a mi lista" href="javascript:addToListFromItemList('103014')" onclick="dataLayer.push({event: 'event_gtm',category:'acciones usuario', action:'a�adir producto a lista'});">Añadir a mi lista</a>                                </div>                    <a class="article_link" title="Ver ficha de ARROZ NOMEN BASMATI 500 G" href="/ARROZ-NOMEN-BASMATI-500-G_103014_prd_es_ES.jsp" onclick="javascript:callingTaggingEnpoints('')" itemprop="url"></a>                <div class="hover_container">            <div class="hover">                <div class="info_symbol"></div>            </div>        </div>                    </article>            </li>                    <li class="article" itemprop="itemListElement" itemscope="" itemtype="http://schema.org/Product">                    <article class="article_container" id="item_description_121027">            <a class="article_name" title="Ver ficha de PASTA GALLO PISTÓN 250 G" href="/PASTA-GALLO-PISTON-250-G_121027_prd_es_ES.jsp" itemprop="url"><span itemprop="name" id="description_text">PASTA GALLO PISTÓN 250 G</span></a>            <!--informacion de gluten y calorias -->        <div class="info_container">                            <span class="calories">344 <span>kcal</span></span>                <a class="info" title="Producto con 344 kilocalorías" href="javascript:void(0);">                    <span class="info_text">Producto con 344 kilocalorías.</span>                </a>                                                            <img class="info_icon" alt="10% Descuento para suscriptores Condisline Prime" src="//static.condisline.com/resize_39x39/images/product_icons/icon_subscription.png" width="39" height="39">                                            <a class="info" title="10% Descuento para suscriptores Condisline Prime" href="javascript:void(0);">                            <span class="info_text">10% Descuento para suscriptores Condisline Prime</span>                        </a>                                                        </div>        <img class="article_image" alt="PASTA GALLO PISTÓN 250 G" data-original="//static.condisline.com/resize_190x200/images/catalog/large/121027.jpg" src="//static.condisline.com/resize_190x200/images/catalog/large/121027.jpg" width="190" height="200" style="display: block;">        <meta itemprop="image" content="//static.condisline.com/resize_190x200/images/catalog/large/121027.jpg">        <div class="article_price_container" itemprop="offers" itemscope="" itemtype="http://schema.org/Offer">            <!-- Price -->                                            <span class="article_price" itemprop="price"><span id="list_price_121027">0,89</span></span>                <span class="currency">€</span>                <script>                    formatNumber('0.89', 'list_price_121027');                </script>                        <meta itemprop="priceCurrency" content="EUR">            <div class="unit_container">                                    <a class="substract_button" title="Menos" href="javascript:void(0);">-</a>                                <label class="quantity_container">                                                                        <input class="input_quantity_product" id="item_quantity_121027" type="number" data-product="121027" value="" min="1" max="999" required="" autocomplete="off">                                                            </label>                                    <a class="add_button" title="Más" href="javascript:void(0);">+</a>                    <a class="added_tick" title="Cambiar unidades" href="javascript:void(0);"></a>                            </div>                                                <div class="article_pum">                        <span>      3,56€/Kilo</span>                    </div>                                                                            <a data-product-id="121027" class="orange_button btn_add2cart" title="Añadir al carrito" onclick="dataLayer.push({event: 'event_gtm',category:'acciones usuario', action:'a�adir producto desde listado'})" href="javascript:addToCartFromItemList('121027')">AÑADIR AL CARRITO &gt;</a>                                        <span class="added_button">En carrito</span>                                    <a class="white_button" title="Añadir a mi lista" href="javascript:addToListFromItemList('121027')" onclick="dataLayer.push({event: 'event_gtm',category:'acciones usuario', action:'a�adir producto a lista'});">Añadir a mi lista</a>                                </div>                    <a class="article_link" title="Ver ficha de PASTA GALLO PISTÓN 250 G" href="/PASTA-GALLO-PISTON-250-G_121027_prd_es_ES.jsp" onclick="javascript:callingTaggingEnpoints('')" itemprop="url"></a>                <div class="hover_container">            <div class="hover">                <div class="info_symbol"></div>            </div>        </div>                    </article>            </li>                    <li class="article" itemprop="itemListElement" itemscope="" itemtype="http://schema.org/Product">                    <article class="article_container" id="item_description_103051">            <a class="article_name" title="Ver ficha de QUINOA BLANCA Y ROJA BRILLANTE 250 G" href="/QUINOA-BLANCA-Y-ROJA-BRILLANTE-250-G_103051_prd_es_ES.jsp" itemprop="url"><span itemprop="name" id="description_text">QUINOA BLANCA Y ROJA BRILLANTE 250 G</span></a>            <!--informacion de gluten y calorias -->        <div class="info_container">                            <span class="calories">136 <span>kcal</span></span>                <a class="info" title="Producto con 136 kilocalorías" href="javascript:void(0);">                    <span class="info_text">Producto con 136 kilocalorías.</span>                </a>                                                            <img class="info_icon" alt="10% Descuento para suscriptores Condisline Prime" src="//static.condisline.com/resize_39x39/images/product_icons/icon_subscription.png" width="39" height="39">                                            <a class="info" title="10% Descuento para suscriptores Condisline Prime" href="javascript:void(0);">                            <span class="info_text">10% Descuento para suscriptores Condisline Prime</span>                        </a>                                                        </div>        <img class="article_image" alt="QUINOA BLANCA Y ROJA BRILLANTE 250 G" data-original="//static.condisline.com/resize_190x200/images/catalog/large/103051.jpg" src="//static.condisline.com/resize_190x200/images/catalog/large/103051.jpg" width="190" height="200" style="display: block;">        <meta itemprop="image" content="//static.condisline.com/resize_190x200/images/catalog/large/103051.jpg">        <div class="article_price_container" itemprop="offers" itemscope="" itemtype="http://schema.org/Offer">            <!-- Price -->                                            <span class="article_price" itemprop="price"><span id="list_price_103051">1,56</span></span>                <span class="currency">€</span>                <script>                    formatNumber('1.56', 'list_price_103051');                </script>                        <meta itemprop="priceCurrency" content="EUR">            <div class="unit_container">                                    <a class="substract_button" title="Menos" href="javascript:void(0);">-</a>                                <label class="quantity_container">                                                                        <input class="input_quantity_product" id="item_quantity_103051" type="number" data-product="103051" value="" min="1" max="999" required="" autocomplete="off">                                                            </label>                                    <a class="add_button" title="Más" href="javascript:void(0);">+</a>                    <a class="added_tick" title="Cambiar unidades" href="javascript:void(0);"></a>                            </div>                                                <div class="article_pum">                        <span>      6,24€/Kilo</span>                    </div>                                                                            <a data-product-id="103051" class="orange_button btn_add2cart" title="Añadir al carrito" onclick="dataLayer.push({event: 'event_gtm',category:'acciones usuario', action:'a�adir producto desde listado'})" href="javascript:addToCartFromItemList('103051')">AÑADIR AL CARRITO &gt;</a>                                        <span class="added_button">En carrito</span>                                    <a class="white_button" title="Añadir a mi lista" href="javascript:addToListFromItemList('103051')" onclick="dataLayer.push({event: 'event_gtm',category:'acciones usuario', action:'a�adir producto a lista'});">Añadir a mi lista</a>                                </div>                    <a class="article_link" title="Ver ficha de QUINOA BLANCA Y ROJA BRILLANTE 250 G" href="/QUINOA-BLANCA-Y-ROJA-BRILLANTE-250-G_103051_prd_es_ES.jsp" onclick="javascript:callingTaggingEnpoints('')" itemprop="url"></a>                <div class="hover_container">            <div class="hover">                <div class="info_symbol"></div>            </div>        </div>                    </article>            </li>                    <li class="article" itemprop="itemListElement" itemscope="" itemtype="http://schema.org/Product">                    <article class="article_container" id="item_description_121210">            <a class="article_name" title="Ver ficha de PASTA GALLO PLUMA RALLADA 450 G" href="/PASTA-GALLO-PLUMA-RALLADA-450-G_121210_prd_es_ES.jsp" itemprop="url"><span itemprop="name" id="description_text">PASTA GALLO PLUMA RALLADA 450 G</span></a>            <!--informacion de gluten y calorias -->        <div class="info_container">                            <span class="calories">344 <span>kcal</span></span>                <a class="info" title="Producto con 344 kilocalorías" href="javascript:void(0);">                    <span class="info_text">Producto con 344 kilocalorías.</span>                </a>                                                            <img class="info_icon" alt="10% Descuento para suscriptores Condisline Prime" src="//static.condisline.com/resize_39x39/images/product_icons/icon_subscription.png" width="39" height="39">                                            <a class="info" title="10% Descuento para suscriptores Condisline Prime" href="javascript:void(0);">                            <span class="info_text">10% Descuento para suscriptores Condisline Prime</span>                        </a>                                                        </div>        <img class="article_image" alt="PASTA GALLO PLUMA RALLADA 450 G" data-original="//static.condisline.com/resize_190x200/images/catalog/large/121210.jpg" src="//static.condisline.com/resize_190x200/images/catalog/large/121210.jpg" width="190" height="200" style="display: block;">        <meta itemprop="image" content="//static.condisline.com/resize_190x200/images/catalog/large/121210.jpg">        <div class="article_price_container" itemprop="offers" itemscope="" itemtype="http://schema.org/Offer">            <!-- Price -->                                            <span class="article_price" itemprop="price"><span id="list_price_121210">1,39</span></span>                <span class="currency">€</span>                <script>                    formatNumber('1.39', 'list_price_121210');                </script>                        <meta itemprop="priceCurrency" content="EUR">            <div class="unit_container">                                    <a class="substract_button" title="Menos" href="javascript:void(0);">-</a>                                <label class="quantity_container">                                                                        <input class="input_quantity_product" id="item_quantity_121210" type="number" data-product="121210" value="" min="1" max="999" required="" autocomplete="off">                                                            </label>                                    <a class="add_button" title="Más" href="javascript:void(0);">+</a>                    <a class="added_tick" title="Cambiar unidades" href="javascript:void(0);"></a>                            </div>                                                <div class="article_pum">                        <span>      3,09€/Kilo</span>                    </div>                                                                            <a data-product-id="121210" class="orange_button btn_add2cart" title="Añadir al carrito" onclick="dataLayer.push({event: 'event_gtm',category:'acciones usuario', action:'a�adir producto desde listado'})" href="javascript:addToCartFromItemList('121210')">AÑADIR AL CARRITO &gt;</a>                                        <span class="added_button">En carrito</span>                                    <a class="white_button" title="Añadir a mi lista" href="javascript:addToListFromItemList('121210')" onclick="dataLayer.push({event: 'event_gtm',category:'acciones usuario', action:'a�adir producto a lista'});">Añadir a mi lista</a>                                </div>                    <a class="article_link" title="Ver ficha de PASTA GALLO PLUMA RALLADA 450 G" href="/PASTA-GALLO-PLUMA-RALLADA-450-G_121210_prd_es_ES.jsp" onclick="javascript:callingTaggingEnpoints('')" itemprop="url"></a>                <div class="hover_container">            <div class="hover">                <div class="info_symbol"></div>            </div>        </div>                    </article>            </li>                    <li class="article" itemprop="itemListElement" itemscope="" itemtype="http://schema.org/Product">                    <article class="article_container" id="item_description_121724">            <a class="article_name" title="Ver ficha de PASTA GALLO PLUMAS 3 450 G" href="/PASTA-GALLO-PLUMAS-3-450-G_121724_prd_es_ES.jsp" itemprop="url"><span itemprop="name" id="description_text">PASTA GALLO PLUMAS 3 450 G</span></a>            <!--informacion de gluten y calorias -->        <div class="info_container">                            <span class="calories">344 <span>kcal</span></span>                <a class="info" title="Producto con 344 kilocalorías" href="javascript:void(0);">                    <span class="info_text">Producto con 344 kilocalorías.</span>                </a>                                                            <img class="info_icon" alt="10% Descuento para suscriptores Condisline Prime" src="//static.condisline.com/resize_39x39/images/product_icons/icon_subscription.png" width="39" height="39">                                            <a class="info" title="10% Descuento para suscriptores Condisline Prime" href="javascript:void(0);">                            <span class="info_text">10% Descuento para suscriptores Condisline Prime</span>                        </a>                                                        </div>        <img class="article_image" alt="PASTA GALLO PLUMAS 3 450 G" data-original="//static.condisline.com/resize_190x200/images/catalog/large/121724.jpg" src="//static.condisline.com/resize_190x200/images/catalog/large/121724.jpg" width="190" height="200" style="display: block;">        <meta itemprop="image" content="//static.condisline.com/resize_190x200/images/catalog/large/121724.jpg">        <div class="article_price_container" itemprop="offers" itemscope="" itemtype="http://schema.org/Offer">            <!-- Price -->                                            <span class="article_price" itemprop="price"><span id="list_price_121724">1,39</span></span>                <span class="currency">€</span>                <script>                    formatNumber('1.39', 'list_price_121724');                </script>                        <meta itemprop="priceCurrency" content="EUR">            <div class="unit_container">                                    <a class="substract_button" title="Menos" href="javascript:void(0);">-</a>                                <label class="quantity_container">                                                                        <input class="input_quantity_product" id="item_quantity_121724" type="number" data-product="121724" value="" min="1" max="999" required="" autocomplete="off">                                                            </label>                                    <a class="add_button" title="Más" href="javascript:void(0);">+</a>                    <a class="added_tick" title="Cambiar unidades" href="javascript:void(0);"></a>                            </div>                                                <div class="article_pum">                        <span>      3,09€/Kilo</span>                    </div>                                                                            <a data-product-id="121724" class="orange_button btn_add2cart" title="Añadir al carrito" onclick="dataLayer.push({event: 'event_gtm',category:'acciones usuario', action:'a�adir producto desde listado'})" href="javascript:addToCartFromItemList('121724')">AÑADIR AL CARRITO &gt;</a>                                        <span class="added_button">En carrito</span>                                    <a class="white_button" title="Añadir a mi lista" href="javascript:addToListFromItemList('121724')" onclick="dataLayer.push({event: 'event_gtm',category:'acciones usuario', action:'a�adir producto a lista'});">Añadir a mi lista</a>                                </div>                    <a class="article_link" title="Ver ficha de PASTA GALLO PLUMAS 3 450 G" href="/PASTA-GALLO-PLUMAS-3-450-G_121724_prd_es_ES.jsp" onclick="javascript:callingTaggingEnpoints('')" itemprop="url"></a>                <div class="hover_container">            <div class="hover">                <div class="info_symbol"></div>            </div>        </div>                    </article>            </li>                    <li class="article" itemprop="itemListElement" itemscope="" itemtype="http://schema.org/Product">                    <article class="article_container" id="item_description_122149">            <a class="article_name" title="Ver ficha de PASTA GALLO PLUMA N6 1€ 400 G" href="/PASTA-GALLO-PLUMA-N6-1%E2%82%AC-400-G_122149_prd_es_ES.jsp" itemprop="url"><span itemprop="name" id="description_text">PASTA GALLO PLUMA N6 1€ 400 G</span></a>            <!--informacion de gluten y calorias -->        <div class="info_container">                            <span class="calories">344 <span>kcal</span></span>                <a class="info" title="Producto con 344 kilocalorías" href="javascript:void(0);">                    <span class="info_text">Producto con 344 kilocalorías.</span>                </a>                                                            <img class="info_icon" alt="10% Descuento para suscriptores Condisline Prime" src="//static.condisline.com/resize_39x39/images/product_icons/icon_subscription.png" width="39" height="39">                                            <a class="info" title="10% Descuento para suscriptores Condisline Prime" href="javascript:void(0);">                            <span class="info_text">10% Descuento para suscriptores Condisline Prime</span>                        </a>                                                        </div>        <img class="article_image" alt="PASTA GALLO PLUMA N6 1€ 400 G" data-original="//static.condisline.com/resize_190x200/images/catalog/large/122149.jpg" src="//static.condisline.com/resize_190x200/images/catalog/large/122149.jpg" width="190" height="200" style="display: block;">        <meta itemprop="image" content="//static.condisline.com/resize_190x200/images/catalog/large/122149.jpg">        <div class="article_price_container" itemprop="offers" itemscope="" itemtype="http://schema.org/Offer">            <!-- Price -->                                            <span class="article_price" itemprop="price"><span id="list_price_122149">1,00</span></span>                <span class="currency">€</span>                <script>                    formatNumber('1', 'list_price_122149');                </script>                        <meta itemprop="priceCurrency" content="EUR">            <div class="unit_container">                                    <a class="substract_button" title="Menos" href="javascript:void(0);">-</a>                                <label class="quantity_container">                                                                        <input class="input_quantity_product" id="item_quantity_122149" type="number" data-product="122149" value="" min="1" max="999" required="" autocomplete="off">                                                            </label>                                    <a class="add_button" title="Más" href="javascript:void(0);">+</a>                    <a class="added_tick" title="Cambiar unidades" href="javascript:void(0);"></a>                            </div>                                                <div class="article_pum">                        <span>      2,50€/Kilo</span>                    </div>                                                                            <a data-product-id="122149" class="orange_button btn_add2cart" title="Añadir al carrito" onclick="dataLayer.push({event: 'event_gtm',category:'acciones usuario', action:'a�adir producto desde listado'})" href="javascript:addToCartFromItemList('122149')">AÑADIR AL CARRITO &gt;</a>                                        <span class="added_button">En carrito</span>                                    <a class="white_button" title="Añadir a mi lista" href="javascript:addToListFromItemList('122149')" onclick="dataLayer.push({event: 'event_gtm',category:'acciones usuario', action:'a�adir producto a lista'});">Añadir a mi lista</a>                                </div>                    <a class="article_link" title="Ver ficha de PASTA GALLO PLUMA N6 1€ 400 G" href="/PASTA-GALLO-PLUMA-N6-1%E2%82%AC-400-G_122149_prd_es_ES.jsp" onclick="javascript:callingTaggingEnpoints('')" itemprop="url"></a>                <div class="hover_container">            <div class="hover">                <div class="info_symbol"></div>            </div>        </div>                    </article>            </li>                    <li class="article" itemprop="itemListElement" itemscope="" itemtype="http://schema.org/Product">                    <article class="article_container" id="item_description_121208">            <a class="article_name" title="Ver ficha de PASTA CONDIS TALLARINES 500 G" href="/PASTA-CONDIS-TALLARINES-500-G_121208_prd_es_ES.jsp" itemprop="url"><span itemprop="name" id="description_text">PASTA CONDIS TALLARINES 500 G</span></a>            <!--informacion de gluten y calorias -->        <div class="info_container">                            <span class="calories">344 <span>kcal</span></span>                <a class="info" title="Producto con 344 kilocalorías" href="javascript:void(0);">                    <span class="info_text">Producto con 344 kilocalorías.</span>                </a>                                                            <img class="info_icon" alt="10% Descuento para suscriptores Condisline Prime" src="//static.condisline.com/resize_39x39/images/product_icons/icon_subscription.png" width="39" height="39">                                            <a class="info" title="10% Descuento para suscriptores Condisline Prime" href="javascript:void(0);">                            <span class="info_text">10% Descuento para suscriptores Condisline Prime</span>                        </a>                                                        <img class="info_icon" alt="Marca propia" src="//static.condisline.com/resize_39x39/images/product_icons/marca_propia.png" width="39" height="39">                                            <a class="info" title="Marca propia" href="javascript:void(0);">                            <span class="info_text">Marca propia</span>                        </a>                                                        </div>        <img class="article_image" alt="PASTA CONDIS TALLARINES 500 G" data-original="//static.condisline.com/resize_190x200/images/catalog/large/121208.jpg" src="//static.condisline.com/resize_190x200/images/catalog/large/121208.jpg" width="190" height="200" style="display: block;">        <meta itemprop="image" content="//static.condisline.com/resize_190x200/images/catalog/large/121208.jpg">        <div class="article_price_container" itemprop="offers" itemscope="" itemtype="http://schema.org/Offer">            <!-- Price -->                                            <span class="article_price" itemprop="price"><span id="list_price_121208">0,79</span></span>                <span class="currency">€</span>                <script>                    formatNumber('0.79', 'list_price_121208');                </script>                        <meta itemprop="priceCurrency" content="EUR">            <div class="unit_container">                                    <a class="substract_button" title="Menos" href="javascript:void(0);">-</a>                                <label class="quantity_container">                                                                        <input class="input_quantity_product" id="item_quantity_121208" type="number" data-product="121208" value="" min="1" max="999" required="" autocomplete="off">                                                            </label>                                    <a class="add_button" title="Más" href="javascript:void(0);">+</a>                    <a class="added_tick" title="Cambiar unidades" href="javascript:void(0);"></a>                            </div>                                                <div class="article_pum">                        <span>      1,58€/Kilo</span>                    </div>                                                                            <a data-product-id="121208" class="orange_button btn_add2cart" title="Añadir al carrito" onclick="dataLayer.push({event: 'event_gtm',category:'acciones usuario', action:'a�adir producto desde listado'})" href="javascript:addToCartFromItemList('121208')">AÑADIR AL CARRITO &gt;</a>                                        <span class="added_button">En carrito</span>                                    <a class="white_button" title="Añadir a mi lista" href="javascript:addToListFromItemList('121208')" onclick="dataLayer.push({event: 'event_gtm',category:'acciones usuario', action:'a�adir producto a lista'});">Añadir a mi lista</a>                                </div>                    <a class="article_link" title="Ver ficha de PASTA CONDIS TALLARINES 500 G" href="/PASTA-CONDIS-TALLARINES-500-G_121208_prd_es_ES.jsp" onclick="javascript:callingTaggingEnpoints('')" itemprop="url"></a>                <div class="hover_container">            <div class="hover">                <div class="info_symbol"></div>            </div>        </div>                    </article>            </li>                    <li class="article" itemprop="itemListElement" itemscope="" itemtype="http://schema.org/Product">                    <article class="article_container" id="item_description_121648">            <a class="article_name" title="Ver ficha de ESPAGUETI GALLO PASTA FINA 400 G" href="/ESPAGUETI-GALLO-PASTA-FINA-400-G_121648_prd_es_ES.jsp" itemprop="url"><span itemprop="name" id="description_text">ESPAGUETI GALLO PASTA FINA 400 G</span></a>            <!--informacion de gluten y calorias -->        <div class="info_container">                            <span class="calories">344 <span>kcal</span></span>                <a class="info" title="Producto con 344 kilocalorías" href="javascript:void(0);">                    <span class="info_text">Producto con 344 kilocalorías.</span>                </a>                                                            <img class="info_icon" alt="10% Descuento para suscriptores Condisline Prime" src="//static.condisline.com/resize_39x39/images/product_icons/icon_subscription.png" width="39" height="39">                                            <a class="info" title="10% Descuento para suscriptores Condisline Prime" href="javascript:void(0);">                            <span class="info_text">10% Descuento para suscriptores Condisline Prime</span>                        </a>                                                        </div>        <img class="article_image" alt="ESPAGUETI GALLO PASTA FINA 400 G" data-original="//static.condisline.com/resize_190x200/images/catalog/large/121648.jpg" src="//static.condisline.com/resize_190x200/images/catalog/large/121648.jpg" width="190" height="200" style="display: block;">        <meta itemprop="image" content="//static.condisline.com/resize_190x200/images/catalog/large/121648.jpg">        <div class="article_price_container" itemprop="offers" itemscope="" itemtype="http://schema.org/Offer">            <!-- Price -->                                            <span class="article_price" itemprop="price"><span id="list_price_121648">1,39</span></span>                <span class="currency">€</span>                <script>                    formatNumber('1.39', 'list_price_121648');                </script>                        <meta itemprop="priceCurrency" content="EUR">            <div class="unit_container">                                    <a class="substract_button" title="Menos" href="javascript:void(0);">-</a>                                <label class="quantity_container">                                                                        <input class="input_quantity_product" id="item_quantity_121648" type="number" data-product="121648" value="" min="1" max="999" required="" autocomplete="off">                                                            </label>                                    <a class="add_button" title="Más" href="javascript:void(0);">+</a>                    <a class="added_tick" title="Cambiar unidades" href="javascript:void(0);"></a>                            </div>                                                <div class="article_pum">                        <span>      3,48€/Kilo</span>                    </div>                                                                            <a data-product-id="121648" class="orange_button btn_add2cart" title="Añadir al carrito" onclick="dataLayer.push({event: 'event_gtm',category:'acciones usuario', action:'a�adir producto desde listado'})" href="javascript:addToCartFromItemList('121648')">AÑADIR AL CARRITO &gt;</a>                                        <span class="added_button">En carrito</span>                                    <a class="white_button" title="Añadir a mi lista" href="javascript:addToListFromItemList('121648')" onclick="dataLayer.push({event: 'event_gtm',category:'acciones usuario', action:'a�adir producto a lista'});">Añadir a mi lista</a>                                </div>                    <a class="article_link" title="Ver ficha de ESPAGUETI GALLO PASTA FINA 400 G" href="/ESPAGUETI-GALLO-PASTA-FINA-400-G_121648_prd_es_ES.jsp" onclick="javascript:callingTaggingEnpoints('')" itemprop="url"></a>                <div class="hover_container">            <div class="hover">                <div class="info_symbol"></div>            </div>        </div>                    </article>            </li>                    <li class="article" itemprop="itemListElement" itemscope="" itemtype="http://schema.org/Product">                    <article class="article_container" id="item_description_118028">            <a class="article_name" title="Ver ficha de PASTA GALLO MARGARITAS VEGETALES 450 G" href="/PASTA-GALLO-MARGARITAS-VEGETALES-450-G_118028_prd_es_ES.jsp" itemprop="url"><span itemprop="name" id="description_text">PASTA GALLO MARGARITAS VEGETALES 450 G</span></a>            <!--informacion de gluten y calorias -->        <div class="info_container">                            <span class="calories">344 <span>kcal</span></span>                <a class="info" title="Producto con 344 kilocalorías" href="javascript:void(0);">                    <span class="info_text">Producto con 344 kilocalorías.</span>                </a>                                                            <img class="info_icon" alt="10% Descuento para suscriptores Condisline Prime" src="//static.condisline.com/resize_39x39/images/product_icons/icon_subscription.png" width="39" height="39">                                            <a class="info" title="10% Descuento para suscriptores Condisline Prime" href="javascript:void(0);">                            <span class="info_text">10% Descuento para suscriptores Condisline Prime</span>                        </a>                                                        </div>        <img class="article_image" alt="PASTA GALLO MARGARITAS VEGETALES 450 G" data-original="//static.condisline.com/resize_190x200/images/catalog/large/118028.jpg" src="//static.condisline.com/resize_190x200/images/catalog/large/118028.jpg" width="190" height="200" style="display: block;">        <meta itemprop="image" content="//static.condisline.com/resize_190x200/images/catalog/large/118028.jpg">        <div class="article_price_container" itemprop="offers" itemscope="" itemtype="http://schema.org/Offer">            <!-- Price -->                                            <span class="article_price" itemprop="price"><span id="list_price_118028">1,79</span></span>                <span class="currency">€</span>                <script>                    formatNumber('1.79', 'list_price_118028');                </script>                        <meta itemprop="priceCurrency" content="EUR">            <div class="unit_container">                                    <a class="substract_button" title="Menos" href="javascript:void(0);">-</a>                                <label class="quantity_container">                                                                        <input class="input_quantity_product" id="item_quantity_118028" type="number" data-product="118028" value="" min="1" max="999" required="" autocomplete="off">                                                            </label>                                    <a class="add_button" title="Más" href="javascript:void(0);">+</a>                    <a class="added_tick" title="Cambiar unidades" href="javascript:void(0);"></a>                            </div>                                                <div class="article_pum">                        <span>      3,98€/Kilo</span>                    </div>                                                                            <a data-product-id="118028" class="orange_button btn_add2cart" title="Añadir al carrito" onclick="dataLayer.push({event: 'event_gtm',category:'acciones usuario', action:'a�adir producto desde listado'})" href="javascript:addToCartFromItemList('118028')">AÑADIR AL CARRITO &gt;</a>                                        <span class="added_button">En carrito</span>                                    <a class="white_button" title="Añadir a mi lista" href="javascript:addToListFromItemList('118028')" onclick="dataLayer.push({event: 'event_gtm',category:'acciones usuario', action:'a�adir producto a lista'});">Añadir a mi lista</a>                                </div>                    <a class="article_link" title="Ver ficha de PASTA GALLO MARGARITAS VEGETALES 450 G" href="/PASTA-GALLO-MARGARITAS-VEGETALES-450-G_118028_prd_es_ES.jsp" onclick="javascript:callingTaggingEnpoints('')" itemprop="url"></a>                <div class="hover_container">            <div class="hover">                <div class="info_symbol"></div>            </div>        </div>                    </article>            </li>                    <li class="article" itemprop="itemListElement" itemscope="" itemtype="http://schema.org/Product">                    <article class="article_container" id="item_description_121687">            <a class="article_name" title="Ver ficha de PLUMAS GALLO PASTA FINA 400 G" href="/PLUMAS-GALLO-PASTA-FINA-400-G_121687_prd_es_ES.jsp" itemprop="url"><span itemprop="name" id="description_text">PLUMAS GALLO PASTA FINA 400 G</span></a>            <!--informacion de gluten y calorias -->        <div class="info_container">                            <span class="calories">344 <span>kcal</span></span>                <a class="info" title="Producto con 344 kilocalorías" href="javascript:void(0);">                    <span class="info_text">Producto con 344 kilocalorías.</span>                </a>                                                            <img class="info_icon" alt="10% Descuento para suscriptores Condisline Prime" src="//static.condisline.com/resize_39x39/images/product_icons/icon_subscription.png" width="39" height="39">                                            <a class="info" title="10% Descuento para suscriptores Condisline Prime" href="javascript:void(0);">                            <span class="info_text">10% Descuento para suscriptores Condisline Prime</span>                        </a>                                                        </div>        <img class="article_image" alt="PLUMAS GALLO PASTA FINA 400 G" data-original="//static.condisline.com/resize_190x200/images/catalog/large/121687.jpg" src="//static.condisline.com/resize_190x200/images/catalog/large/121687.jpg" width="190" height="200" style="display: block;">        <meta itemprop="image" content="//static.condisline.com/resize_190x200/images/catalog/large/121687.jpg">        <div class="article_price_container" itemprop="offers" itemscope="" itemtype="http://schema.org/Offer">            <!-- Price -->                                            <span class="article_price" itemprop="price"><span id="list_price_121687">1,39</span></span>                <span class="currency">€</span>                <script>                    formatNumber('1.39', 'list_price_121687');                </script>                        <meta itemprop="priceCurrency" content="EUR">            <div class="unit_container">                                    <a class="substract_button" title="Menos" href="javascript:void(0);">-</a>                                <label class="quantity_container">                                                                        <input class="input_quantity_product" id="item_quantity_121687" type="number" data-product="121687" value="" min="1" max="999" required="" autocomplete="off">                                                            </label>                                    <a class="add_button" title="Más" href="javascript:void(0);">+</a>                    <a class="added_tick" title="Cambiar unidades" href="javascript:void(0);"></a>                            </div>                                                <div class="article_pum">                        <span>      3,48€/Kilo</span>                    </div>                                                                            <a data-product-id="121687" class="orange_button btn_add2cart" title="Añadir al carrito" onclick="dataLayer.push({event: 'event_gtm',category:'acciones usuario', action:'a�adir producto desde listado'})" href="javascript:addToCartFromItemList('121687')">AÑADIR AL CARRITO &gt;</a>                                        <span class="added_button">En carrito</span>                                    <a class="white_button" title="Añadir a mi lista" href="javascript:addToListFromItemList('121687')" onclick="dataLayer.push({event: 'event_gtm',category:'acciones usuario', action:'a�adir producto a lista'});">Añadir a mi lista</a>                                </div>                    <a class="article_link" title="Ver ficha de PLUMAS GALLO PASTA FINA 400 G" href="/PLUMAS-GALLO-PASTA-FINA-400-G_121687_prd_es_ES.jsp" onclick="javascript:callingTaggingEnpoints('')" itemprop="url"></a>                <div class="hover_container">            <div class="hover">                <div class="info_symbol"></div>            </div>        </div>                    </article>            </li>                    <li class="article" itemprop="itemListElement" itemscope="" itemtype="http://schema.org/Product">                    <article class="article_container" id="item_description_121023">            <a class="article_name" title="Ver ficha de PASTA GALLO MARAVILLA 250 G" href="/PASTA-GALLO-MARAVILLA-250-G_121023_prd_es_ES.jsp" itemprop="url"><span itemprop="name" id="description_text">PASTA GALLO MARAVILLA 250 G</span></a>            <!--informacion de gluten y calorias -->        <div class="info_container">                            <span class="calories">344 <span>kcal</span></span>                <a class="info" title="Producto con 344 kilocalorías" href="javascript:void(0);">                    <span class="info_text">Producto con 344 kilocalorías.</span>                </a>                                                            <img class="info_icon" alt="10% Descuento para suscriptores Condisline Prime" src="//static.condisline.com/resize_39x39/images/product_icons/icon_subscription.png" width="39" height="39">                                            <a class="info" title="10% Descuento para suscriptores Condisline Prime" href="javascript:void(0);">                            <span class="info_text">10% Descuento para suscriptores Condisline Prime</span>                        </a>                                                        </div>        <img class="article_image" alt="PASTA GALLO MARAVILLA 250 G" data-original="//static.condisline.com/resize_190x200/images/catalog/large/121023.jpg" src="//static.condisline.com/resize_190x200/images/catalog/large/121023.jpg" width="190" height="200" style="display: block;">        <meta itemprop="image" content="//static.condisline.com/resize_190x200/images/catalog/large/121023.jpg">        <div class="article_price_container" itemprop="offers" itemscope="" itemtype="http://schema.org/Offer">            <!-- Price -->                                            <span class="article_price" itemprop="price"><span id="list_price_121023">0,89</span></span>                <span class="currency">€</span>                <script>                    formatNumber('0.89', 'list_price_121023');                </script>                        <meta itemprop="priceCurrency" content="EUR">            <div class="unit_container">                                    <a class="substract_button" title="Menos" href="javascript:void(0);">-</a>                                <label class="quantity_container">                                                                        <input class="input_quantity_product" id="item_quantity_121023" type="number" data-product="121023" value="" min="1" max="999" required="" autocomplete="off">                                                            </label>                                    <a class="add_button" title="Más" href="javascript:void(0);">+</a>                    <a class="added_tick" title="Cambiar unidades" href="javascript:void(0);"></a>                            </div>                                                <div class="article_pum">                        <span>      3,56€/Kilo</span>                    </div>                                                                            <a data-product-id="121023" class="orange_button btn_add2cart" title="Añadir al carrito" onclick="dataLayer.push({event: 'event_gtm',category:'acciones usuario', action:'a�adir producto desde listado'})" href="javascript:addToCartFromItemList('121023')">AÑADIR AL CARRITO &gt;</a>                                        <span class="added_button">En carrito</span>                                    <a class="white_button" title="Añadir a mi lista" href="javascript:addToListFromItemList('121023')" onclick="dataLayer.push({event: 'event_gtm',category:'acciones usuario', action:'a�adir producto a lista'});">Añadir a mi lista</a>                                </div>                    <a class="article_link" title="Ver ficha de PASTA GALLO MARAVILLA 250 G" href="/PASTA-GALLO-MARAVILLA-250-G_121023_prd_es_ES.jsp" onclick="javascript:callingTaggingEnpoints('')" itemprop="url"></a>                <div class="hover_container">            <div class="hover">                <div class="info_symbol"></div>            </div>        </div>                    </article>            </li>                    <li class="article" itemprop="itemListElement" itemscope="" itemtype="http://schema.org/Product">                    <article class="article_container" id="item_description_122061">            <a class="article_name" title="Ver ficha de PASTA GALLO FIDEOS N.0  1€ 400 G" href="/PASTA-GALLO-FIDEOS-N-0-1%E2%82%AC-400-G_122061_prd_es_ES.jsp" itemprop="url"><span itemprop="name" id="description_text">PASTA GALLO FIDEOS N.0  1€ 400 G</span></a>            <!--informacion de gluten y calorias -->        <div class="info_container">                            <span class="calories">344 <span>kcal</span></span>                <a class="info" title="Producto con 344 kilocalorías" href="javascript:void(0);">                    <span class="info_text">Producto con 344 kilocalorías.</span>                </a>                                                            <img class="info_icon" alt="10% Descuento para suscriptores Condisline Prime" src="//static.condisline.com/resize_39x39/images/product_icons/icon_subscription.png" width="39" height="39">                                            <a class="info" title="10% Descuento para suscriptores Condisline Prime" href="javascript:void(0);">                            <span class="info_text">10% Descuento para suscriptores Condisline Prime</span>                        </a>                                                        </div>        <img class="article_image" alt="PASTA GALLO FIDEOS N.0  1€ 400 G" data-original="//static.condisline.com/resize_190x200/images/catalog/large/122061.jpg" src="//static.condisline.com/resize_190x200/images/catalog/large/122061.jpg" width="190" height="200" style="display: block;">        <meta itemprop="image" content="//static.condisline.com/resize_190x200/images/catalog/large/122061.jpg">        <div class="article_price_container" itemprop="offers" itemscope="" itemtype="http://schema.org/Offer">            <!-- Price -->                                            <span class="article_price" itemprop="price"><span id="list_price_122061">1,00</span></span>                <span class="currency">€</span>                <script>                    formatNumber('1', 'list_price_122061');                </script>                        <meta itemprop="priceCurrency" content="EUR">            <div class="unit_container">                                    <a class="substract_button" title="Menos" href="javascript:void(0);">-</a>                                <label class="quantity_container">                                                                        <input class="input_quantity_product" id="item_quantity_122061" type="number" data-product="122061" value="" min="1" max="999" required="" autocomplete="off">                                                            </label>                                    <a class="add_button" title="Más" href="javascript:void(0);">+</a>                    <a class="added_tick" title="Cambiar unidades" href="javascript:void(0);"></a>                            </div>                                                <div class="article_pum">                        <span>      2,50€/Kilo</span>                    </div>                                                                            <a data-product-id="122061" class="orange_button btn_add2cart" title="Añadir al carrito" onclick="dataLayer.push({event: 'event_gtm',category:'acciones usuario', action:'a�adir producto desde listado'})" href="javascript:addToCartFromItemList('122061')">AÑADIR AL CARRITO &gt;</a>                                        <span class="added_button">En carrito</span>                                    <a class="white_button" title="Añadir a mi lista" href="javascript:addToListFromItemList('122061')" onclick="dataLayer.push({event: 'event_gtm',category:'acciones usuario', action:'a�adir producto a lista'});">Añadir a mi lista</a>                                </div>                    <a class="article_link" title="Ver ficha de PASTA GALLO FIDEOS N.0  1€ 400 G" href="/PASTA-GALLO-FIDEOS-N-0-1%E2%82%AC-400-G_122061_prd_es_ES.jsp" onclick="javascript:callingTaggingEnpoints('')" itemprop="url"></a>                <div class="hover_container">            <div class="hover">                <div class="info_symbol"></div>            </div>        </div>                    </article>            </li>                    <li class="article" itemprop="itemListElement" itemscope="" itemtype="http://schema.org/Product">                    <article class="article_container" id="item_description_121932">            <a class="article_name" title="Ver ficha de HÉLICES GALLO PASTA FINA VEGETALES 400 G" href="/HELICES-GALLO-PASTA-FINA-VEGETALES-400-G_121932_prd_es_ES.jsp" itemprop="url"><span itemprop="name" id="description_text">HÉLICES GALLO PASTA FINA VEGETALES 400 G</span></a>            <!--informacion de gluten y calorias -->        <div class="info_container">                            <span class="calories">344 <span>kcal</span></span>                <a class="info" title="Producto con 344 kilocalorías" href="javascript:void(0);">                    <span class="info_text">Producto con 344 kilocalorías.</span>                </a>                                                            <img class="info_icon" alt="10% Descuento para suscriptores Condisline Prime" src="//static.condisline.com/resize_39x39/images/product_icons/icon_subscription.png" width="39" height="39">                                            <a class="info" title="10% Descuento para suscriptores Condisline Prime" href="javascript:void(0);">                            <span class="info_text">10% Descuento para suscriptores Condisline Prime</span>                        </a>                                                        </div>        <img class="article_image" alt="HÉLICES GALLO PASTA FINA VEGETALES 400 G" data-original="//static.condisline.com/resize_190x200/images/catalog/large/121932.jpg" src="//static.condisline.com/resize_190x200/images/catalog/large/121932.jpg" width="190" height="200" style="display: block;">        <meta itemprop="image" content="//static.condisline.com/resize_190x200/images/catalog/large/121932.jpg">        <div class="article_price_container" itemprop="offers" itemscope="" itemtype="http://schema.org/Offer">            <!-- Price -->                                            <span class="article_price" itemprop="price"><span id="list_price_121932">1,89</span></span>                <span class="currency">€</span>                <script>                    formatNumber('1.89', 'list_price_121932');                </script>                        <meta itemprop="priceCurrency" content="EUR">            <div class="unit_container">                                    <a class="substract_button" title="Menos" href="javascript:void(0);">-</a>                                <label class="quantity_container">                                                                        <input class="input_quantity_product" id="item_quantity_121932" type="number" data-product="121932" value="" min="1" max="999" required="" autocomplete="off">                                                            </label>                                    <a class="add_button" title="Más" href="javascript:void(0);">+</a>                    <a class="added_tick" title="Cambiar unidades" href="javascript:void(0);"></a>                            </div>                                                <div class="article_pum">                        <span>      4,73€/Kilo</span>                    </div>                                                                            <a data-product-id="121932" class="orange_button btn_add2cart" title="Añadir al carrito" onclick="dataLayer.push({event: 'event_gtm',category:'acciones usuario', action:'a�adir producto desde listado'})" href="javascript:addToCartFromItemList('121932')">AÑADIR AL CARRITO &gt;</a>                                        <span class="added_button">En carrito</span>                                    <a class="white_button" title="Añadir a mi lista" href="javascript:addToListFromItemList('121932')" onclick="dataLayer.push({event: 'event_gtm',category:'acciones usuario', action:'a�adir producto a lista'});">Añadir a mi lista</a>                                </div>                    <a class="article_link" title="Ver ficha de HÉLICES GALLO PASTA FINA VEGETALES 400 G" href="/HELICES-GALLO-PASTA-FINA-VEGETALES-400-G_121932_prd_es_ES.jsp" onclick="javascript:callingTaggingEnpoints('')" itemprop="url"></a>                <div class="hover_container">            <div class="hover">                <div class="info_symbol"></div>            </div>        </div>                    </article>            </li>                    <li class="article" itemprop="itemListElement" itemscope="" itemtype="http://schema.org/Product">                    <article class="article_container" id="item_description_103036">            <a class="article_name" title="Ver ficha de ARROZ NOMEN BOMBA SELECCIÓN 1 KG" href="/ARROZ-NOMEN-BOMBA-SELECCION-1-KG_103036_prd_es_ES.jsp" itemprop="url"><span itemprop="name" id="description_text">ARROZ NOMEN BOMBA SELECCIÓN 1 KG</span></a>            <!--informacion de gluten y calorias -->        <div class="info_container">                            <span class="calories">333 <span>kcal</span></span>                <a class="info" title="Producto con 333 kilocalorías" href="javascript:void(0);">                    <span class="info_text">Producto con 333 kilocalorías.</span>                </a>                                                            <img class="info_icon" alt="10% Descuento para suscriptores Condisline Prime" src="//static.condisline.com/resize_39x39/images/product_icons/icon_subscription.png" width="39" height="39">                                            <a class="info" title="10% Descuento para suscriptores Condisline Prime" href="javascript:void(0);">                            <span class="info_text">10% Descuento para suscriptores Condisline Prime</span>                        </a>                                                        </div>        <img class="article_image" alt="ARROZ NOMEN BOMBA SELECCIÓN 1 KG" data-original="//static.condisline.com/resize_190x200/images/catalog/large/103036.jpg" src="//static.condisline.com/resize_190x200/images/catalog/large/103036.jpg" width="190" height="200" style="display: block;">        <meta itemprop="image" content="//static.condisline.com/resize_190x200/images/catalog/large/103036.jpg">        <div class="article_price_container" itemprop="offers" itemscope="" itemtype="http://schema.org/Offer">            <!-- Price -->                                            <span class="article_price" itemprop="price"><span id="list_price_103036">5,95</span></span>                <span class="currency">€</span>                <script>                    formatNumber('5.95', 'list_price_103036');                </script>                        <meta itemprop="priceCurrency" content="EUR">            <div class="unit_container">                                    <a class="substract_button" title="Menos" href="javascript:void(0);">-</a>                                <label class="quantity_container">                                                                        <input class="input_quantity_product" id="item_quantity_103036" type="number" data-product="103036" value="" min="1" max="999" required="" autocomplete="off">                                                            </label>                                    <a class="add_button" title="Más" href="javascript:void(0);">+</a>                    <a class="added_tick" title="Cambiar unidades" href="javascript:void(0);"></a>                            </div>                                                <div class="article_pum">                        <span>      5,95€/Kilo</span>                    </div>                                                                            <a data-product-id="103036" class="orange_button btn_add2cart" title="Añadir al carrito" onclick="dataLayer.push({event: 'event_gtm',category:'acciones usuario', action:'a�adir producto desde listado'})" href="javascript:addToCartFromItemList('103036')">AÑADIR AL CARRITO &gt;</a>                                        <span class="added_button">En carrito</span>                                    <a class="white_button" title="Añadir a mi lista" href="javascript:addToListFromItemList('103036')" onclick="dataLayer.push({event: 'event_gtm',category:'acciones usuario', action:'a�adir producto a lista'});">Añadir a mi lista</a>                                </div>                    <a class="article_link" title="Ver ficha de ARROZ NOMEN BOMBA SELECCIÓN 1 KG" href="/ARROZ-NOMEN-BOMBA-SELECCION-1-KG_103036_prd_es_ES.jsp" onclick="javascript:callingTaggingEnpoints('')" itemprop="url"></a>                <div class="hover_container">            <div class="hover">                <div class="info_symbol"></div>            </div>        </div>                    </article>            </li>                    <li class="article" itemprop="itemListElement" itemscope="" itemtype="http://schema.org/Product">                    <article class="article_container" id="item_description_121018">            <a class="article_name" title="Ver ficha de PASTA GALLO FIDEOS N.2 450 G" href="/PASTA-GALLO-FIDEOS-N-2-450-G_121018_prd_es_ES.jsp" itemprop="url"><span itemprop="name" id="description_text">PASTA GALLO FIDEOS N.2 450 G</span></a>            <!--informacion de gluten y calorias -->        <div class="info_container">                            <span class="calories">344 <span>kcal</span></span>                <a class="info" title="Producto con 344 kilocalorías" href="javascript:void(0);">                    <span class="info_text">Producto con 344 kilocalorías.</span>                </a>                                                            <img class="info_icon" alt="10% Descuento para suscriptores Condisline Prime" src="//static.condisline.com/resize_39x39/images/product_icons/icon_subscription.png" width="39" height="39">                                            <a class="info" title="10% Descuento para suscriptores Condisline Prime" href="javascript:void(0);">                            <span class="info_text">10% Descuento para suscriptores Condisline Prime</span>                        </a>                                                        </div>        <img class="article_image" alt="PASTA GALLO FIDEOS N.2 450 G" data-original="//static.condisline.com/resize_190x200/images/catalog/large/121018.jpg" src="//static.condisline.com/resize_190x200/images/catalog/large/121018.jpg" width="190" height="200" style="display: block;">        <meta itemprop="image" content="//static.condisline.com/resize_190x200/images/catalog/large/121018.jpg">        <div class="article_price_container" itemprop="offers" itemscope="" itemtype="http://schema.org/Offer">            <!-- Price -->                                            <span class="article_price" itemprop="price"><span id="list_price_121018">1,39</span></span>                <span class="currency">€</span>                <script>                    formatNumber('1.39', 'list_price_121018');                </script>                        <meta itemprop="priceCurrency" content="EUR">            <div class="unit_container">                                    <a class="substract_button" title="Menos" href="javascript:void(0);">-</a>                                <label class="quantity_container">                                                                        <input class="input_quantity_product" id="item_quantity_121018" type="number" data-product="121018" value="" min="1" max="999" required="" autocomplete="off">                                                            </label>                                    <a class="add_button" title="Más" href="javascript:void(0);">+</a>                    <a class="added_tick" title="Cambiar unidades" href="javascript:void(0);"></a>                            </div>                                                <div class="article_pum">                        <span>      3,09€/Kilo</span>                    </div>                                                                            <a data-product-id="121018" class="orange_button btn_add2cart" title="Añadir al carrito" onclick="dataLayer.push({event: 'event_gtm',category:'acciones usuario', action:'a�adir producto desde listado'})" href="javascript:addToCartFromItemList('121018')">AÑADIR AL CARRITO &gt;</a>                                        <span class="added_button">En carrito</span>                                    <a class="white_button" title="Añadir a mi lista" href="javascript:addToListFromItemList('121018')" onclick="dataLayer.push({event: 'event_gtm',category:'acciones usuario', action:'a�adir producto a lista'});">Añadir a mi lista</a>                                </div>                    <a class="article_link" title="Ver ficha de PASTA GALLO FIDEOS N.2 450 G" href="/PASTA-GALLO-FIDEOS-N-2-450-G_121018_prd_es_ES.jsp" onclick="javascript:callingTaggingEnpoints('')" itemprop="url"></a>                <div class="hover_container">            <div class="hover">                <div class="info_symbol"></div>            </div>        </div>                    </article>            </li>                    <li class="article" itemprop="itemListElement" itemscope="" itemtype="http://schema.org/Product">                    <article class="article_container" id="item_description_121032">            <a class="article_name" title="Ver ficha de PASTA GALLO TIBURÓN N.0 450 G" href="/PASTA-GALLO-TIBURON-N-0-450-G_121032_prd_es_ES.jsp" itemprop="url"><span itemprop="name" id="description_text">PASTA GALLO TIBURÓN N.0 450 G</span></a>            <!--informacion de gluten y calorias -->        <div class="info_container">                            <span class="calories">344 <span>kcal</span></span>                <a class="info" title="Producto con 344 kilocalorías" href="javascript:void(0);">                    <span class="info_text">Producto con 344 kilocalorías.</span>                </a>                                                            <img class="info_icon" alt="10% Descuento para suscriptores Condisline Prime" src="//static.condisline.com/resize_39x39/images/product_icons/icon_subscription.png" width="39" height="39">                                            <a class="info" title="10% Descuento para suscriptores Condisline Prime" href="javascript:void(0);">                            <span class="info_text">10% Descuento para suscriptores Condisline Prime</span>                        </a>                                                        </div>        <img class="article_image" alt="PASTA GALLO TIBURÓN N.0 450 G" data-original="//static.condisline.com/resize_190x200/images/catalog/large/121032.jpg" src="//static.condisline.com/resize_190x200/images/catalog/large/121032.jpg" width="190" height="200" style="display: block;">        <meta itemprop="image" content="//static.condisline.com/resize_190x200/images/catalog/large/121032.jpg">        <div class="article_price_container" itemprop="offers" itemscope="" itemtype="http://schema.org/Offer">            <!-- Price -->                                            <span class="article_price" itemprop="price"><span id="list_price_121032">1,39</span></span>                <span class="currency">€</span>                <script>                    formatNumber('1.39', 'list_price_121032');                </script>                        <meta itemprop="priceCurrency" content="EUR">            <div class="unit_container">                                    <a class="substract_button" title="Menos" href="javascript:void(0);">-</a>                                <label class="quantity_container">                                                                        <input class="input_quantity_product" id="item_quantity_121032" type="number" data-product="121032" value="" min="1" max="999" required="" autocomplete="off">                                                            </label>                                    <a class="add_button" title="Más" href="javascript:void(0);">+</a>                    <a class="added_tick" title="Cambiar unidades" href="javascript:void(0);"></a>                            </div>                                                <div class="article_pum">                        <span>      3,09€/Kilo</span>                    </div>                                                                            <a data-product-id="121032" class="orange_button btn_add2cart" title="Añadir al carrito" onclick="dataLayer.push({event: 'event_gtm',category:'acciones usuario', action:'a�adir producto desde listado'})" href="javascript:addToCartFromItemList('121032')">AÑADIR AL CARRITO &gt;</a>                                        <span class="added_button">En carrito</span>                                    <a class="white_button" title="Añadir a mi lista" href="javascript:addToListFromItemList('121032')" onclick="dataLayer.push({event: 'event_gtm',category:'acciones usuario', action:'a�adir producto a lista'});">Añadir a mi lista</a>                                </div>                    <a class="article_link" title="Ver ficha de PASTA GALLO TIBURÓN N.0 450 G" href="/PASTA-GALLO-TIBURON-N-0-450-G_121032_prd_es_ES.jsp" onclick="javascript:callingTaggingEnpoints('')" itemprop="url"></a>                <div class="hover_container">            <div class="hover">                <div class="info_symbol"></div>            </div>        </div>                    </article>            </li>                    <li class="article" itemprop="itemListElement" itemscope="" itemtype="http://schema.org/Product">                    <article class="article_container" id="item_description_121691">            <a class="article_name" title="Ver ficha de PASTA GALLO PLUMAS INTEGRAL 450 G" href="/PASTA-GALLO-PLUMAS-INTEGRAL-450-G_121691_prd_es_ES.jsp" itemprop="url"><span itemprop="name" id="description_text">PASTA GALLO PLUMAS INTEGRAL 450 G</span></a>            <!--informacion de gluten y calorias -->        <div class="info_container">                            <span class="calories">335 <span>kcal</span></span>                <a class="info" title="Producto con 335 kilocalorías" href="javascript:void(0);">                    <span class="info_text">Producto con 335 kilocalorías.</span>                </a>                                                            <img class="info_icon" alt="10% Descuento para suscriptores Condisline Prime" src="//static.condisline.com/resize_39x39/images/product_icons/icon_subscription.png" width="39" height="39">                                            <a class="info" title="10% Descuento para suscriptores Condisline Prime" href="javascript:void(0);">                            <span class="info_text">10% Descuento para suscriptores Condisline Prime</span>                        </a>                                                        </div>        <img class="article_image" alt="PASTA GALLO PLUMAS INTEGRAL 450 G" data-original="//static.condisline.com/resize_190x200/images/catalog/large/121691.jpg" src="//static.condisline.com/resize_190x200/images/catalog/large/121691.jpg" width="190" height="200" style="display: block;">        <meta itemprop="image" content="//static.condisline.com/resize_190x200/images/catalog/large/121691.jpg">        <div class="article_price_container" itemprop="offers" itemscope="" itemtype="http://schema.org/Offer">            <!-- Price -->                                            <span class="article_price" itemprop="price"><span id="list_price_121691">1,89</span></span>                <span class="currency">€</span>                <script>                    formatNumber('1.89', 'list_price_121691');                </script>                        <meta itemprop="priceCurrency" content="EUR">            <div class="unit_container">                                    <a class="substract_button" title="Menos" href="javascript:void(0);">-</a>                                <label class="quantity_container">                                                                        <input class="input_quantity_product" id="item_quantity_121691" type="number" data-product="121691" value="" min="1" max="999" required="" autocomplete="off">                                                            </label>                                    <a class="add_button" title="Más" href="javascript:void(0);">+</a>                    <a class="added_tick" title="Cambiar unidades" href="javascript:void(0);"></a>                            </div>                                                <div class="article_pum">                        <span>      4,20€/Kilo</span>                    </div>                                                                            <a data-product-id="121691" class="orange_button btn_add2cart" title="Añadir al carrito" onclick="dataLayer.push({event: 'event_gtm',category:'acciones usuario', action:'a�adir producto desde listado'})" href="javascript:addToCartFromItemList('121691')">AÑADIR AL CARRITO &gt;</a>                                        <span class="added_button">En carrito</span>                                    <a class="white_button" title="Añadir a mi lista" href="javascript:addToListFromItemList('121691')" onclick="dataLayer.push({event: 'event_gtm',category:'acciones usuario', action:'a�adir producto a lista'});">Añadir a mi lista</a>                                </div>                    <a class="article_link" title="Ver ficha de PASTA GALLO PLUMAS INTEGRAL 450 G" href="/PASTA-GALLO-PLUMAS-INTEGRAL-450-G_121691_prd_es_ES.jsp" onclick="javascript:callingTaggingEnpoints('')" itemprop="url"></a>                <div class="hover_container">            <div class="hover">                <div class="info_symbol"></div>            </div>        </div>                    </article>            </li>                    <li class="article" itemprop="itemListElement" itemscope="" itemtype="http://schema.org/Product">                    <article class="article_container" id="item_description_211784">            <a class="article_name" title="Ver ficha de ARROZ BRILLANTE INTEGRAL CHÍA 2 UNIDADES" href="/ARROZ-BRILLANTE-INTEGRAL-CHIA-2-UNIDADES_211784_prd_es_ES.jsp" itemprop="url"><span itemprop="name" id="description_text">ARROZ BRILLANTE INTEGRAL CHÍA 2 UNIDADES</span></a>            <!--informacion de gluten y calorias -->        <div class="info_container">                            <span class="calories">184 <span>kcal</span></span>                <a class="info" title="Producto con 184 kilocalorías" href="javascript:void(0);">                    <span class="info_text">Producto con 184 kilocalorías.</span>                </a>                                                            <img class="info_icon" alt="10% Descuento para suscriptores Condisline Prime" src="//static.condisline.com/resize_39x39/images/product_icons/icon_subscription.png" width="39" height="39">                                            <a class="info" title="10% Descuento para suscriptores Condisline Prime" href="javascript:void(0);">                            <span class="info_text">10% Descuento para suscriptores Condisline Prime</span>                        </a>                                                        </div>        <img class="article_image" alt="ARROZ BRILLANTE INTEGRAL CHÍA 2 UNIDADES" data-original="//static.condisline.com/resize_190x200/images/catalog/large/211784.jpg" src="//static.condisline.com/resize_190x200/images/catalog/large/211784.jpg" width="190" height="200" style="display: block;">        <meta itemprop="image" content="//static.condisline.com/resize_190x200/images/catalog/large/211784.jpg">        <div class="article_price_container" itemprop="offers" itemscope="" itemtype="http://schema.org/Offer">            <!-- Price -->                                            <span class="article_price" itemprop="price"><span id="list_price_211784">1,49</span></span>                <span class="currency">€</span>                <script>                    formatNumber('1.49', 'list_price_211784');                </script>                        <meta itemprop="priceCurrency" content="EUR">            <div class="unit_container">                                    <a class="substract_button" title="Menos" href="javascript:void(0);">-</a>                                <label class="quantity_container">                                                                        <input class="input_quantity_product" id="item_quantity_211784" type="number" data-product="211784" value="" min="1" max="999" required="" autocomplete="off">                                                            </label>                                    <a class="add_button" title="Más" href="javascript:void(0);">+</a>                    <a class="added_tick" title="Cambiar unidades" href="javascript:void(0);"></a>                            </div>                                                <div class="article_pum">                        <span>      5,96€/Kilo</span>                    </div>                                                                            <a data-product-id="211784" class="orange_button btn_add2cart" title="Añadir al carrito" onclick="dataLayer.push({event: 'event_gtm',category:'acciones usuario', action:'a�adir producto desde listado'})" href="javascript:addToCartFromItemList('211784')">AÑADIR AL CARRITO &gt;</a>                                        <span class="added_button">En carrito</span>                                    <a class="white_button" title="Añadir a mi lista" href="javascript:addToListFromItemList('211784')" onclick="dataLayer.push({event: 'event_gtm',category:'acciones usuario', action:'a�adir producto a lista'});">Añadir a mi lista</a>                                </div>                    <a class="article_link" title="Ver ficha de ARROZ BRILLANTE INTEGRAL CHÍA 2 UNIDADES" href="/ARROZ-BRILLANTE-INTEGRAL-CHIA-2-UNIDADES_211784_prd_es_ES.jsp" onclick="javascript:callingTaggingEnpoints('')" itemprop="url"></a>                <div class="hover_container">            <div class="hover">                <div class="info_symbol"></div>            </div>        </div>                    </article>            </li>                    <li class="article" itemprop="itemListElement" itemscope="" itemtype="http://schema.org/Product">                    <article class="article_container" id="item_description_121149">            <a class="article_name" title="Ver ficha de PASTA CONDIS FIDEO CABELLO DE ANGEL N.0 500 G" href="/PASTA-CONDIS-FIDEO-CABELLO-DE-ANGEL-N-0-500-G_121149_prd_es_ES.jsp" itemprop="url"><span itemprop="name" id="description_text">PASTA CONDIS FIDEO CABELLO DE ANGEL N.0 500 G</span></a>            <!--informacion de gluten y calorias -->        <div class="info_container">                            <span class="calories">344 <span>kcal</span></span>                <a class="info" title="Producto con 344 kilocalorías" href="javascript:void(0);">                    <span class="info_text">Producto con 344 kilocalorías.</span>                </a>                                                            <img class="info_icon" alt="10% Descuento para suscriptores Condisline Prime" src="//static.condisline.com/resize_39x39/images/product_icons/icon_subscription.png" width="39" height="39">                                            <a class="info" title="10% Descuento para suscriptores Condisline Prime" href="javascript:void(0);">                            <span class="info_text">10% Descuento para suscriptores Condisline Prime</span>                        </a>                                                        <img class="info_icon" alt="Marca propia" src="//static.condisline.com/resize_39x39/images/product_icons/marca_propia.png" width="39" height="39">                                            <a class="info" title="Marca propia" href="javascript:void(0);">                            <span class="info_text">Marca propia</span>                        </a>                                                        </div>        <img class="article_image" alt="PASTA CONDIS FIDEO CABELLO DE ANGEL N.0 500 G" data-original="//static.condisline.com/resize_190x200/images/catalog/large/121149.jpg" src="//static.condisline.com/resize_190x200/images/catalog/large/121149.jpg" width="190" height="200" style="display: block;">        <meta itemprop="image" content="//static.condisline.com/resize_190x200/images/catalog/large/121149.jpg">        <div class="article_price_container" itemprop="offers" itemscope="" itemtype="http://schema.org/Offer">            <!-- Price -->                                            <span class="article_price" itemprop="price"><span id="list_price_121149">0,79</span></span>                <span class="currency">€</span>                <script>                    formatNumber('0.79', 'list_price_121149');                </script>                        <meta itemprop="priceCurrency" content="EUR">            <div class="unit_container">                                    <a class="substract_button" title="Menos" href="javascript:void(0);">-</a>                                <label class="quantity_container">                                                                        <input class="input_quantity_product" id="item_quantity_121149" type="number" data-product="121149" value="" min="1" max="999" required="" autocomplete="off">                                                            </label>                                    <a class="add_button" title="Más" href="javascript:void(0);">+</a>                    <a class="added_tick" title="Cambiar unidades" href="javascript:void(0);"></a>                            </div>                                                <div class="article_pum">                        <span>      1,58€/Kilo</span>                    </div>                                                                            <a data-product-id="121149" class="orange_button btn_add2cart" title="Añadir al carrito" onclick="dataLayer.push({event: 'event_gtm',category:'acciones usuario', action:'a�adir producto desde listado'})" href="javascript:addToCartFromItemList('121149')">AÑADIR AL CARRITO &gt;</a>                                        <span class="added_button">En carrito</span>                                    <a class="white_button" title="Añadir a mi lista" href="javascript:addToListFromItemList('121149')" onclick="dataLayer.push({event: 'event_gtm',category:'acciones usuario', action:'a�adir producto a lista'});">Añadir a mi lista</a>                                </div>                    <a class="article_link" title="Ver ficha de PASTA CONDIS FIDEO CABELLO DE ANGEL N.0 500 G" href="/PASTA-CONDIS-FIDEO-CABELLO-DE-ANGEL-N-0-500-G_121149_prd_es_ES.jsp" onclick="javascript:callingTaggingEnpoints('')" itemprop="url"></a>                <div class="hover_container">            <div class="hover">                <div class="info_symbol"></div>            </div>        </div>                    </article>            </li>                    <li class="article" itemprop="itemListElement" itemscope="" itemtype="http://schema.org/Product">                    <article class="article_container" id="item_description_103060">            <a class="article_name" title="Ver ficha de ARROZ NOMEN INTEGRAL 1 KG" href="/ARROZ-NOMEN-INTEGRAL-1-KG_103060_prd_es_ES.jsp" itemprop="url"><span itemprop="name" id="description_text">ARROZ NOMEN INTEGRAL 1 KG</span></a>            <!--informacion de gluten y calorias -->        <div class="info_container">                            <span class="calories">349 <span>kcal</span></span>                <a class="info" title="Producto con 349 kilocalorías" href="javascript:void(0);">                    <span class="info_text">Producto con 349 kilocalorías.</span>                </a>                                                            <img class="info_icon" alt="10% Descuento para suscriptores Condisline Prime" src="//static.condisline.com/resize_39x39/images/product_icons/icon_subscription.png" width="39" height="39">                                            <a class="info" title="10% Descuento para suscriptores Condisline Prime" href="javascript:void(0);">                            <span class="info_text">10% Descuento para suscriptores Condisline Prime</span>                        </a>                                                        </div>        <img class="article_image" alt="ARROZ NOMEN INTEGRAL 1 KG" data-original="//static.condisline.com/resize_190x200/images/catalog/large/103060.jpg" src="//static.condisline.com/resize_190x200/images/catalog/large/103060.jpg" width="190" height="200" style="display: block;">        <meta itemprop="image" content="//static.condisline.com/resize_190x200/images/catalog/large/103060.jpg">        <div class="article_price_container" itemprop="offers" itemscope="" itemtype="http://schema.org/Offer">            <!-- Price -->                                            <span class="article_price" itemprop="price"><span id="list_price_103060">1,97</span></span>                <span class="currency">€</span>                <script>                    formatNumber('1.97', 'list_price_103060');                </script>                        <meta itemprop="priceCurrency" content="EUR">            <div class="unit_container">                                    <a class="substract_button" title="Menos" href="javascript:void(0);">-</a>                                <label class="quantity_container">                                                                        <input class="input_quantity_product" id="item_quantity_103060" type="number" data-product="103060" value="" min="1" max="999" required="" autocomplete="off">                                                            </label>                                    <a class="add_button" title="Más" href="javascript:void(0);">+</a>                    <a class="added_tick" title="Cambiar unidades" href="javascript:void(0);"></a>                            </div>                                                <div class="article_pum">                        <span>      1,97€/Kilo</span>                    </div>                                                                            <a data-product-id="103060" class="orange_button btn_add2cart" title="Añadir al carrito" onclick="dataLayer.push({event: 'event_gtm',category:'acciones usuario', action:'a�adir producto desde listado'})" href="javascript:addToCartFromItemList('103060')">AÑADIR AL CARRITO &gt;</a>                                        <span class="added_button">En carrito</span>                                    <a class="white_button" title="Añadir a mi lista" href="javascript:addToListFromItemList('103060')" onclick="dataLayer.push({event: 'event_gtm',category:'acciones usuario', action:'a�adir producto a lista'});">Añadir a mi lista</a>                                </div>                    <a class="article_link" title="Ver ficha de ARROZ NOMEN INTEGRAL 1 KG" href="/ARROZ-NOMEN-INTEGRAL-1-KG_103060_prd_es_ES.jsp" onclick="javascript:callingTaggingEnpoints('')" itemprop="url"></a>                <div class="hover_container">            <div class="hover">                <div class="info_symbol"></div>            </div>        </div>                    </article>            </li>                    <li class="article" itemprop="itemListElement" itemscope="" itemtype="http://schema.org/Product">                    <article class="article_container" id="item_description_121689">            <a class="article_name" title="Ver ficha de PASTA GALLO SPAGUETI INTEGRAL 450 G" href="/PASTA-GALLO-SPAGUETI-INTEGRAL-450-G_121689_prd_es_ES.jsp" itemprop="url"><span itemprop="name" id="description_text">PASTA GALLO SPAGUETI INTEGRAL 450 G</span></a>            <!--informacion de gluten y calorias -->        <div class="info_container">                            <span class="calories">335 <span>kcal</span></span>                <a class="info" title="Producto con 335 kilocalorías" href="javascript:void(0);">                    <span class="info_text">Producto con 335 kilocalorías.</span>                </a>                                                            <img class="info_icon" alt="10% Descuento para suscriptores Condisline Prime" src="//static.condisline.com/resize_39x39/images/product_icons/icon_subscription.png" width="39" height="39">                                            <a class="info" title="10% Descuento para suscriptores Condisline Prime" href="javascript:void(0);">                            <span class="info_text">10% Descuento para suscriptores Condisline Prime</span>                        </a>                                                        </div>        <img class="article_image" alt="PASTA GALLO SPAGUETI INTEGRAL 450 G" data-original="//static.condisline.com/resize_190x200/images/catalog/large/121689.jpg" src="//static.condisline.com/resize_190x200/images/catalog/large/121689.jpg" width="190" height="200" style="display: block;">        <meta itemprop="image" content="//static.condisline.com/resize_190x200/images/catalog/large/121689.jpg">        <div class="article_price_container" itemprop="offers" itemscope="" itemtype="http://schema.org/Offer">            <!-- Price -->                                            <span class="article_price" itemprop="price"><span id="list_price_121689">1,89</span></span>                <span class="currency">€</span>                <script>                    formatNumber('1.89', 'list_price_121689');                </script>                        <meta itemprop="priceCurrency" content="EUR">            <div class="unit_container">                                    <a class="substract_button" title="Menos" href="javascript:void(0);">-</a>                                <label class="quantity_container">                                                                        <input class="input_quantity_product" id="item_quantity_121689" type="number" data-product="121689" value="" min="1" max="999" required="" autocomplete="off">                                                            </label>                                    <a class="add_button" title="Más" href="javascript:void(0);">+</a>                    <a class="added_tick" title="Cambiar unidades" href="javascript:void(0);"></a>                            </div>                                                <div class="article_pum">                        <span>      4,20€/Kilo</span>                    </div>                                                                            <a data-product-id="121689" class="orange_button btn_add2cart" title="Añadir al carrito" onclick="dataLayer.push({event: 'event_gtm',category:'acciones usuario', action:'a�adir producto desde listado'})" href="javascript:addToCartFromItemList('121689')">AÑADIR AL CARRITO &gt;</a>                                        <span class="added_button">En carrito</span>                                    <a class="white_button" title="Añadir a mi lista" href="javascript:addToListFromItemList('121689')" onclick="dataLayer.push({event: 'event_gtm',category:'acciones usuario', action:'a�adir producto a lista'});">Añadir a mi lista</a>                                </div>                    <a class="article_link" title="Ver ficha de PASTA GALLO SPAGUETI INTEGRAL 450 G" href="/PASTA-GALLO-SPAGUETI-INTEGRAL-450-G_121689_prd_es_ES.jsp" onclick="javascript:callingTaggingEnpoints('')" itemprop="url"></a>                <div class="hover_container">            <div class="hover">                <div class="info_symbol"></div>            </div>        </div>                    </article>            </li>                    <li class="article" itemprop="itemListElement" itemscope="" itemtype="http://schema.org/Product">                    <article class="article_container" id="item_description_121019">            <a class="article_name" title="Ver ficha de PASTA GALLO FIDEOS N.4 450 G" href="/PASTA-GALLO-FIDEOS-N-4-450-G_121019_prd_es_ES.jsp" itemprop="url"><span itemprop="name" id="description_text">PASTA GALLO FIDEOS N.4 450 G</span></a>            <!--informacion de gluten y calorias -->        <div class="info_container">                            <span class="calories">344 <span>kcal</span></span>                <a class="info" title="Producto con 344 kilocalorías" href="javascript:void(0);">                    <span class="info_text">Producto con 344 kilocalorías.</span>                </a>                                                            <img class="info_icon" alt="10% Descuento para suscriptores Condisline Prime" src="//static.condisline.com/resize_39x39/images/product_icons/icon_subscription.png" width="39" height="39">                                            <a class="info" title="10% Descuento para suscriptores Condisline Prime" href="javascript:void(0);">                            <span class="info_text">10% Descuento para suscriptores Condisline Prime</span>                        </a>                                                        </div>        <img class="article_image" alt="PASTA GALLO FIDEOS N.4 450 G" data-original="//static.condisline.com/resize_190x200/images/catalog/large/121019.jpg" src="//static.condisline.com/resize_190x200/images/catalog/large/121019.jpg" width="190" height="200" style="display: block;">        <meta itemprop="image" content="//static.condisline.com/resize_190x200/images/catalog/large/121019.jpg">        <div class="article_price_container" itemprop="offers" itemscope="" itemtype="http://schema.org/Offer">            <!-- Price -->                                            <span class="article_price" itemprop="price"><span id="list_price_121019">1,39</span></span>                <span class="currency">€</span>                <script>                    formatNumber('1.39', 'list_price_121019');                </script>                        <meta itemprop="priceCurrency" content="EUR">            <div class="unit_container">                                    <a class="substract_button" title="Menos" href="javascript:void(0);">-</a>                                <label class="quantity_container">                                                                        <input class="input_quantity_product" id="item_quantity_121019" type="number" data-product="121019" value="" min="1" max="999" required="" autocomplete="off">                                                            </label>                                    <a class="add_button" title="Más" href="javascript:void(0);">+</a>                    <a class="added_tick" title="Cambiar unidades" href="javascript:void(0);"></a>                            </div>                                                <div class="article_pum">                        <span>      3,09€/Kilo</span>                    </div>                                                                            <a data-product-id="121019" class="orange_button btn_add2cart" title="Añadir al carrito" onclick="dataLayer.push({event: 'event_gtm',category:'acciones usuario', action:'a�adir producto desde listado'})" href="javascript:addToCartFromItemList('121019')">AÑADIR AL CARRITO &gt;</a>                                        <span class="added_button">En carrito</span>                                    <a class="white_button" title="Añadir a mi lista" href="javascript:addToListFromItemList('121019')" onclick="dataLayer.push({event: 'event_gtm',category:'acciones usuario', action:'a�adir producto a lista'});">Añadir a mi lista</a>                                </div>                    <a class="article_link" title="Ver ficha de PASTA GALLO FIDEOS N.4 450 G" href="/PASTA-GALLO-FIDEOS-N-4-450-G_121019_prd_es_ES.jsp" onclick="javascript:callingTaggingEnpoints('')" itemprop="url"></a>                <div class="hover_container">            <div class="hover">                <div class="info_symbol"></div>            </div>        </div>                    </article>            </li>                    <li class="article" itemprop="itemListElement" itemscope="" itemtype="http://schema.org/Product">                    <article class="article_container" id="item_description_121026">            <a class="article_name" title="Ver ficha de PASTA GALLO PIÑONES 250 G" href="/PASTA-GALLO-PINONES-250-G_121026_prd_es_ES.jsp" itemprop="url"><span itemprop="name" id="description_text">PASTA GALLO PIÑONES 250 G</span></a>            <!--informacion de gluten y calorias -->        <div class="info_container">                            <span class="calories">344 <span>kcal</span></span>                <a class="info" title="Producto con 344 kilocalorías" href="javascript:void(0);">                    <span class="info_text">Producto con 344 kilocalorías.</span>                </a>                                                            <img class="info_icon" alt="10% Descuento para suscriptores Condisline Prime" src="//static.condisline.com/resize_39x39/images/product_icons/icon_subscription.png" width="39" height="39">                                            <a class="info" title="10% Descuento para suscriptores Condisline Prime" href="javascript:void(0);">                            <span class="info_text">10% Descuento para suscriptores Condisline Prime</span>                        </a>                                                        </div>        <img class="article_image" alt="PASTA GALLO PIÑONES 250 G" data-original="//static.condisline.com/resize_190x200/images/catalog/large/121026.jpg" src="//static.condisline.com/resize_190x200/images/catalog/large/121026.jpg" width="190" height="200" style="display: block;">        <meta itemprop="image" content="//static.condisline.com/resize_190x200/images/catalog/large/121026.jpg">        <div class="article_price_container" itemprop="offers" itemscope="" itemtype="http://schema.org/Offer">            <!-- Price -->                                            <span class="article_price" itemprop="price"><span id="list_price_121026">0,89</span></span>                <span class="currency">€</span>                <script>                    formatNumber('0.89', 'list_price_121026');                </script>                        <meta itemprop="priceCurrency" content="EUR">            <div class="unit_container">                                    <a class="substract_button" title="Menos" href="javascript:void(0);">-</a>                                <label class="quantity_container">                                                                        <input class="input_quantity_product" id="item_quantity_121026" type="number" data-product="121026" value="" min="1" max="999" required="" autocomplete="off">                                                            </label>                                    <a class="add_button" title="Más" href="javascript:void(0);">+</a>                    <a class="added_tick" title="Cambiar unidades" href="javascript:void(0);"></a>                            </div>                                                <div class="article_pum">                        <span>      3,56€/Kilo</span>                    </div>                                                                            <a data-product-id="121026" class="orange_button btn_add2cart" title="Añadir al carrito" onclick="dataLayer.push({event: 'event_gtm',category:'acciones usuario', action:'a�adir producto desde listado'})" href="javascript:addToCartFromItemList('121026')">AÑADIR AL CARRITO &gt;</a>                                        <span class="added_button">En carrito</span>                                    <a class="white_button" title="Añadir a mi lista" href="javascript:addToListFromItemList('121026')" onclick="dataLayer.push({event: 'event_gtm',category:'acciones usuario', action:'a�adir producto a lista'});">Añadir a mi lista</a>                                </div>                    <a class="article_link" title="Ver ficha de PASTA GALLO PIÑONES 250 G" href="/PASTA-GALLO-PINONES-250-G_121026_prd_es_ES.jsp" onclick="javascript:callingTaggingEnpoints('')" itemprop="url"></a>                <div class="hover_container">            <div class="hover">                <div class="info_symbol"></div>            </div>        </div>                    </article>            </li>                    <li class="article" itemprop="itemListElement" itemscope="" itemtype="http://schema.org/Product">                    <article class="article_container" id="item_description_104016">            <a class="article_name" title="Ver ficha de LENTEJAS LUENGO RÁPIDAS 500 G" href="/LENTEJAS-LUENGO-RAPIDAS-500-G_104016_prd_es_ES.jsp" itemprop="url"><span itemprop="name" id="description_text">LENTEJAS LUENGO RÁPIDAS 500 G</span></a>            <!--informacion de gluten y calorias -->        <div class="info_container">                            <span class="calories">281 <span>kcal</span></span>                <a class="info" title="Producto con 281 kilocalorías" href="javascript:void(0);">                    <span class="info_text">Producto con 281 kilocalorías.</span>                </a>                                                            <img class="info_icon" alt="10% Descuento para suscriptores Condisline Prime" src="//static.condisline.com/resize_39x39/images/product_icons/icon_subscription.png" width="39" height="39">                                            <a class="info" title="10% Descuento para suscriptores Condisline Prime" href="javascript:void(0);">                            <span class="info_text">10% Descuento para suscriptores Condisline Prime</span>                        </a>                                                        </div>        <img class="article_image" alt="LENTEJAS LUENGO RÁPIDAS 500 G" data-original="//static.condisline.com/resize_190x200/images/catalog/large/104016.jpg" src="//static.condisline.com/resize_190x200/images/catalog/large/104016.jpg" width="190" height="200" style="display: block;">        <meta itemprop="image" content="//static.condisline.com/resize_190x200/images/catalog/large/104016.jpg">        <div class="article_price_container" itemprop="offers" itemscope="" itemtype="http://schema.org/Offer">            <!-- Price -->                                            <span class="article_price" itemprop="price"><span id="list_price_104016">2,03</span></span>                <span class="currency">€</span>                <script>                    formatNumber('2.03', 'list_price_104016');                </script>                        <meta itemprop="priceCurrency" content="EUR">            <div class="unit_container">                                    <a class="substract_button" title="Menos" href="javascript:void(0);">-</a>                                <label class="quantity_container">                                                                        <input class="input_quantity_product" id="item_quantity_104016" type="number" data-product="104016" value="" min="1" max="999" required="" autocomplete="off">                                                            </label>                                    <a class="add_button" title="Más" href="javascript:void(0);">+</a>                    <a class="added_tick" title="Cambiar unidades" href="javascript:void(0);"></a>                            </div>                                                <div class="article_pum">                        <span>      4,06€/Kilo</span>                    </div>                                                                            <a data-product-id="104016" class="orange_button btn_add2cart" title="Añadir al carrito" onclick="dataLayer.push({event: 'event_gtm',category:'acciones usuario', action:'a�adir producto desde listado'})" href="javascript:addToCartFromItemList('104016')">AÑADIR AL CARRITO &gt;</a>                                        <span class="added_button">En carrito</span>                                    <a class="white_button" title="Añadir a mi lista" href="javascript:addToListFromItemList('104016')" onclick="dataLayer.push({event: 'event_gtm',category:'acciones usuario', action:'a�adir producto a lista'});">Añadir a mi lista</a>                                </div>                    <a class="article_link" title="Ver ficha de LENTEJAS LUENGO RÁPIDAS 500 G" href="/LENTEJAS-LUENGO-RAPIDAS-500-G_104016_prd_es_ES.jsp" onclick="javascript:callingTaggingEnpoints('')" itemprop="url"></a>                <div class="hover_container">            <div class="hover">                <div class="info_symbol"></div>            </div>        </div>                    </article>            </li>                    <li class="article" itemprop="itemListElement" itemscope="" itemtype="http://schema.org/Product">                    <article class="article_container" id="item_description_103061">            <a class="article_name" title="Ver ficha de VASITOS NOMEN BASMATI 2X 200 G" href="/VASITOS-NOMEN-BASMATI-2X-200-G_103061_prd_es_ES.jsp" itemprop="url"><span itemprop="name" id="description_text">VASITOS NOMEN BASMATI 2X 200 G</span></a>            <!--informacion de gluten y calorias -->        <div class="info_container">                                                            <img class="info_icon" alt="10% Descuento para suscriptores Condisline Prime" src="//static.condisline.com/resize_39x39/images/product_icons/icon_subscription.png" width="39" height="39">                                            <a class="info" title="10% Descuento para suscriptores Condisline Prime" href="javascript:void(0);">                            <span class="info_text">10% Descuento para suscriptores Condisline Prime</span>                        </a>                                                        </div>        <img class="article_image" alt="VASITOS NOMEN BASMATI 2X 200 G" data-original="//static.condisline.com/resize_190x200/images/catalog/large/103061.jpg" src="//static.condisline.com/resize_190x200/images/catalog/large/103061.jpg" width="190" height="200" style="display: block;">        <meta itemprop="image" content="//static.condisline.com/resize_190x200/images/catalog/large/103061.jpg">        <div class="article_price_container" itemprop="offers" itemscope="" itemtype="http://schema.org/Offer">            <!-- Price -->                                            <span class="article_price" itemprop="price"><span id="list_price_103061">2,60</span></span>                <span class="currency">€</span>                <script>                    formatNumber('2.6', 'list_price_103061');                </script>                        <meta itemprop="priceCurrency" content="EUR">            <div class="unit_container">                                    <a class="substract_button" title="Menos" href="javascript:void(0);">-</a>                                <label class="quantity_container">                                                                        <input class="input_quantity_product" id="item_quantity_103061" type="number" data-product="103061" value="" min="1" max="999" required="" autocomplete="off">                                                            </label>                                    <a class="add_button" title="Más" href="javascript:void(0);">+</a>                    <a class="added_tick" title="Cambiar unidades" href="javascript:void(0);"></a>                            </div>                                                <div class="article_pum">                        <span>      6,50€/Kilo</span>                    </div>                                                                            <a data-product-id="103061" class="orange_button btn_add2cart" title="Añadir al carrito" onclick="dataLayer.push({event: 'event_gtm',category:'acciones usuario', action:'a�adir producto desde listado'})" href="javascript:addToCartFromItemList('103061')">AÑADIR AL CARRITO &gt;</a>                                        <span class="added_button">En carrito</span>                                    <a class="white_button" title="Añadir a mi lista" href="javascript:addToListFromItemList('103061')" onclick="dataLayer.push({event: 'event_gtm',category:'acciones usuario', action:'a�adir producto a lista'});">Añadir a mi lista</a>                                </div>                    <a class="article_link" title="Ver ficha de VASITOS NOMEN BASMATI 2X 200 G" href="/VASITOS-NOMEN-BASMATI-2X-200-G_103061_prd_es_ES.jsp" onclick="javascript:callingTaggingEnpoints('')" itemprop="url"></a>                <div class="hover_container">            <div class="hover">                <div class="info_symbol"></div>            </div>        </div>                    </article>            </li>        <!--    </ul> --><!--    <ul id="carousel_articles" class="articles_list" itemscope="" itemtype="http://schema.org/ItemList"> -->                    <li class="article" itemprop="itemListElement" itemscope="" itemtype="http://schema.org/Product">                    <article class="article_container" id="item_description_121015">            <a class="article_name" title="Ver ficha de PASTA GALLO ESTRELLAS 250 G" href="/PASTA-GALLO-ESTRELLAS-250-G_121015_prd_es_ES.jsp" itemprop="url"><span itemprop="name" id="description_text">PASTA GALLO ESTRELLAS 250 G</span></a>            <!--informacion de gluten y calorias -->        <div class="info_container">                            <span class="calories">344 <span>kcal</span></span>                <a class="info" title="Producto con 344 kilocalorías" href="javascript:void(0);">                    <span class="info_text">Producto con 344 kilocalorías.</span>                </a>                                                            <img class="info_icon" alt="10% Descuento para suscriptores Condisline Prime" src="//static.condisline.com/resize_39x39/images/product_icons/icon_subscription.png" width="39" height="39">                                            <a class="info" title="10% Descuento para suscriptores Condisline Prime" href="javascript:void(0);">                            <span class="info_text">10% Descuento para suscriptores Condisline Prime</span>                        </a>                                                        </div>        <img class="article_image" alt="PASTA GALLO ESTRELLAS 250 G" data-original="//static.condisline.com/resize_190x200/images/catalog/large/121015.jpg" src="//static.condisline.com/resize_190x200/images/catalog/large/121015.jpg" width="190" height="200" style="display: block;">        <meta itemprop="image" content="//static.condisline.com/resize_190x200/images/catalog/large/121015.jpg">        <div class="article_price_container" itemprop="offers" itemscope="" itemtype="http://schema.org/Offer">            <!-- Price -->                                            <span class="article_price" itemprop="price"><span id="list_price_121015">0,89</span></span>                <span class="currency">€</span>                <script>                    formatNumber('0.89', 'list_price_121015');                </script>                        <meta itemprop="priceCurrency" content="EUR">            <div class="unit_container">                                    <a class="substract_button" title="Menos" href="javascript:void(0);">-</a>                                <label class="quantity_container">                                                                        <input class="input_quantity_product" id="item_quantity_121015" type="number" data-product="121015" value="" min="1" max="999" required="" autocomplete="off">                                                            </label>                                    <a class="add_button" title="Más" href="javascript:void(0);">+</a>                    <a class="added_tick" title="Cambiar unidades" href="javascript:void(0);"></a>                            </div>                                                <div class="article_pum">                        <span>      3,56€/Kilo</span>                    </div>                                                                            <a data-product-id="121015" class="orange_button btn_add2cart" title="Añadir al carrito" onclick="dataLayer.push({event: 'event_gtm',category:'acciones usuario', action:'a�adir producto desde listado'})" href="javascript:addToCartFromItemList('121015')">AÑADIR AL CARRITO &gt;</a>                                        <span class="added_button">En carrito</span>                                    <a class="white_button" title="Añadir a mi lista" href="javascript:addToListFromItemList('121015')" onclick="dataLayer.push({event: 'event_gtm',category:'acciones usuario', action:'a�adir producto a lista'});">Añadir a mi lista</a>                                </div>                    <a class="article_link" title="Ver ficha de PASTA GALLO ESTRELLAS 250 G" href="/PASTA-GALLO-ESTRELLAS-250-G_121015_prd_es_ES.jsp" onclick="javascript:callingTaggingEnpoints('')" itemprop="url"></a>                <div class="hover_container">            <div class="hover">                <div class="info_symbol"></div>            </div>        </div>                    </article>            </li>                    <li class="article" itemprop="itemListElement" itemscope="" itemtype="http://schema.org/Product">                    <article class="article_container" id="item_description_121438">            <a class="article_name" title="Ver ficha de PASTA CONDIS VEGETAL FARFALLE 500 G" href="/PASTA-CONDIS-VEGETAL-FARFALLE-500-G_121438_prd_es_ES.jsp" itemprop="url"><span itemprop="name" id="description_text">PASTA CONDIS VEGETAL FARFALLE 500 G</span></a>            <!--informacion de gluten y calorias -->        <div class="info_container">                            <span class="calories">344 <span>kcal</span></span>                <a class="info" title="Producto con 344 kilocalorías" href="javascript:void(0);">                    <span class="info_text">Producto con 344 kilocalorías.</span>                </a>                                                            <img class="info_icon" alt="10% Descuento para suscriptores Condisline Prime" src="//static.condisline.com/resize_39x39/images/product_icons/icon_subscription.png" width="39" height="39">                                            <a class="info" title="10% Descuento para suscriptores Condisline Prime" href="javascript:void(0);">                            <span class="info_text">10% Descuento para suscriptores Condisline Prime</span>                        </a>                                                        <img class="info_icon" alt="Marca propia" src="//static.condisline.com/resize_39x39/images/product_icons/marca_propia.png" width="39" height="39">                                            <a class="info" title="Marca propia" href="javascript:void(0);">                            <span class="info_text">Marca propia</span>                        </a>                                                        </div>        <img class="article_image" alt="PASTA CONDIS VEGETAL FARFALLE 500 G" data-original="//static.condisline.com/resize_190x200/images/catalog/large/121438.jpg" src="//static.condisline.com/resize_190x200/images/catalog/large/121438.jpg" width="190" height="200" style="display: block;">        <meta itemprop="image" content="//static.condisline.com/resize_190x200/images/catalog/large/121438.jpg">        <div class="article_price_container" itemprop="offers" itemscope="" itemtype="http://schema.org/Offer">            <!-- Price -->                                            <span class="article_price" itemprop="price"><span id="list_price_121438">1,10</span></span>                <span class="currency">€</span>                <script>                    formatNumber('1.1', 'list_price_121438');                </script>                        <meta itemprop="priceCurrency" content="EUR">            <div class="unit_container">                                    <a class="substract_button" title="Menos" href="javascript:void(0);">-</a>                                <label class="quantity_container">                                                                        <input class="input_quantity_product" id="item_quantity_121438" type="number" data-product="121438" value="" min="1" max="999" required="" autocomplete="off">                                                            </label>                                    <a class="add_button" title="Más" href="javascript:void(0);">+</a>                    <a class="added_tick" title="Cambiar unidades" href="javascript:void(0);"></a>                            </div>                                                <div class="article_pum">                        <span>      2,20€/Kilo</span>                    </div>                                                                            <a data-product-id="121438" class="orange_button btn_add2cart" title="Añadir al carrito" onclick="dataLayer.push({event: 'event_gtm',category:'acciones usuario', action:'a�adir producto desde listado'})" href="javascript:addToCartFromItemList('121438')">AÑADIR AL CARRITO &gt;</a>                                        <span class="added_button">En carrito</span>                                    <a class="white_button" title="Añadir a mi lista" href="javascript:addToListFromItemList('121438')" onclick="dataLayer.push({event: 'event_gtm',category:'acciones usuario', action:'a�adir producto a lista'});">Añadir a mi lista</a>                                </div>                    <a class="article_link" title="Ver ficha de PASTA CONDIS VEGETAL FARFALLE 500 G" href="/PASTA-CONDIS-VEGETAL-FARFALLE-500-G_121438_prd_es_ES.jsp" onclick="javascript:callingTaggingEnpoints('')" itemprop="url"></a>                <div class="hover_container">            <div class="hover">                <div class="info_symbol"></div>            </div>        </div>                    </article>            </li>                    <li class="article" itemprop="itemListElement" itemscope="" itemtype="http://schema.org/Product">                    <article class="article_container" id="item_description_103020">            <a class="article_name" title="Ver ficha de ARROZ CONDIS BOMBA 1 KG" href="/ARROZ-CONDIS-BOMBA-1-KG_103020_prd_es_ES.jsp" itemprop="url"><span itemprop="name" id="description_text">ARROZ CONDIS BOMBA 1 KG</span></a>            <!--informacion de gluten y calorias -->        <div class="info_container">                            <span class="calories">338 <span>kcal</span></span>                <a class="info" title="Producto con 338 kilocalorías" href="javascript:void(0);">                    <span class="info_text">Producto con 338 kilocalorías.</span>                </a>                                                            <img class="info_icon" alt="10% Descuento para suscriptores Condisline Prime" src="//static.condisline.com/resize_39x39/images/product_icons/icon_subscription.png" width="39" height="39">                                            <a class="info" title="10% Descuento para suscriptores Condisline Prime" href="javascript:void(0);">                            <span class="info_text">10% Descuento para suscriptores Condisline Prime</span>                        </a>                                                        <img class="info_icon" alt="Marca propia" src="//static.condisline.com/resize_39x39/images/product_icons/marca_propia.png" width="39" height="39">                                            <a class="info" title="Marca propia" href="javascript:void(0);">                            <span class="info_text">Marca propia</span>                        </a>                                                        </div>        <img class="article_image" alt="ARROZ CONDIS BOMBA 1 KG" data-original="//static.condisline.com/resize_190x200/images/catalog/large/103020.jpg" src="//static.condisline.com/resize_190x200/images/catalog/large/103020.jpg" width="190" height="200" style="display: block;">        <meta itemprop="image" content="//static.condisline.com/resize_190x200/images/catalog/large/103020.jpg">        <div class="article_price_container" itemprop="offers" itemscope="" itemtype="http://schema.org/Offer">            <!-- Price -->                                            <span class="article_price" itemprop="price"><span id="list_price_103020">5,19</span></span>                <span class="currency">€</span>                <script>                    formatNumber('5.19', 'list_price_103020');                </script>                        <meta itemprop="priceCurrency" content="EUR">            <div class="unit_container">                                    <a class="substract_button" title="Menos" href="javascript:void(0);">-</a>                                <label class="quantity_container">                                                                        <input class="input_quantity_product" id="item_quantity_103020" type="number" data-product="103020" value="" min="1" max="999" required="" autocomplete="off">                                                            </label>                                    <a class="add_button" title="Más" href="javascript:void(0);">+</a>                    <a class="added_tick" title="Cambiar unidades" href="javascript:void(0);"></a>                            </div>                                                <div class="article_pum">                        <span>      5,19€/Kilo</span>                    </div>                                                                            <a data-product-id="103020" class="orange_button btn_add2cart" title="Añadir al carrito" onclick="dataLayer.push({event: 'event_gtm',category:'acciones usuario', action:'a�adir producto desde listado'})" href="javascript:addToCartFromItemList('103020')">AÑADIR AL CARRITO &gt;</a>                                        <span class="added_button">En carrito</span>                                    <a class="white_button" title="Añadir a mi lista" href="javascript:addToListFromItemList('103020')" onclick="dataLayer.push({event: 'event_gtm',category:'acciones usuario', action:'a�adir producto a lista'});">Añadir a mi lista</a>                                </div>                    <a class="article_link" title="Ver ficha de ARROZ CONDIS BOMBA 1 KG" href="/ARROZ-CONDIS-BOMBA-1-KG_103020_prd_es_ES.jsp" onclick="javascript:callingTaggingEnpoints('')" itemprop="url"></a>                <div class="hover_container">            <div class="hover">                <div class="info_symbol"></div>            </div>        </div>                    </article>            </li>                    <li class="article" itemprop="itemListElement" itemscope="" itemtype="http://schema.org/Product">                    <article class="article_container" id="item_description_103017">            <a class="article_name" title="Ver ficha de ARROZ CONDIS LARGO 1 KG" href="/ARROZ-CONDIS-LARGO-1-KG_103017_prd_es_ES.jsp" itemprop="url"><span itemprop="name" id="description_text">ARROZ CONDIS LARGO 1 KG</span></a>            <!--informacion de gluten y calorias -->        <div class="info_container">                            <span class="calories">343 <span>kcal</span></span>                <a class="info" title="Producto con 343 kilocalorías" href="javascript:void(0);">                    <span class="info_text">Producto con 343 kilocalorías.</span>                </a>                                                            <img class="info_icon" alt="10% Descuento para suscriptores Condisline Prime" src="//static.condisline.com/resize_39x39/images/product_icons/icon_subscription.png" width="39" height="39">                                            <a class="info" title="10% Descuento para suscriptores Condisline Prime" href="javascript:void(0);">                            <span class="info_text">10% Descuento para suscriptores Condisline Prime</span>                        </a>                                                        <img class="info_icon" alt="Marca propia" src="//static.condisline.com/resize_39x39/images/product_icons/marca_propia.png" width="39" height="39">                                            <a class="info" title="Marca propia" href="javascript:void(0);">                            <span class="info_text">Marca propia</span>                        </a>                                                        </div>        <img class="article_image" alt="ARROZ CONDIS LARGO 1 KG" data-original="//static.condisline.com/resize_190x200/images/catalog/large/103017.jpg" src="//static.condisline.com/resize_190x200/images/catalog/large/103017.jpg" width="190" height="200" style="display: block;">        <meta itemprop="image" content="//static.condisline.com/resize_190x200/images/catalog/large/103017.jpg">        <div class="article_price_container" itemprop="offers" itemscope="" itemtype="http://schema.org/Offer">            <!-- Price -->                                            <span class="article_price" itemprop="price"><span id="list_price_103017">1,41</span></span>                <span class="currency">€</span>                <script>                    formatNumber('1.41', 'list_price_103017');                </script>                        <meta itemprop="priceCurrency" content="EUR">            <div class="unit_container">                                    <a class="substract_button" title="Menos" href="javascript:void(0);">-</a>                                <label class="quantity_container">                                                                        <input class="input_quantity_product" id="item_quantity_103017" type="number" data-product="103017" value="" min="1" max="999" required="" autocomplete="off">                                                            </label>                                    <a class="add_button" title="Más" href="javascript:void(0);">+</a>                    <a class="added_tick" title="Cambiar unidades" href="javascript:void(0);"></a>                            </div>                                                <div class="article_pum">                        <span>      1,41€/Kilo</span>                    </div>                                                                            <a data-product-id="103017" class="orange_button btn_add2cart" title="Añadir al carrito" onclick="dataLayer.push({event: 'event_gtm',category:'acciones usuario', action:'a�adir producto desde listado'})" href="javascript:addToCartFromItemList('103017')">AÑADIR AL CARRITO &gt;</a>                                        <span class="added_button">En carrito</span>                                    <a class="white_button" title="Añadir a mi lista" href="javascript:addToListFromItemList('103017')" onclick="dataLayer.push({event: 'event_gtm',category:'acciones usuario', action:'a�adir producto a lista'});">Añadir a mi lista</a>                                </div>                    <a class="article_link" title="Ver ficha de ARROZ CONDIS LARGO 1 KG" href="/ARROZ-CONDIS-LARGO-1-KG_103017_prd_es_ES.jsp" onclick="javascript:callingTaggingEnpoints('')" itemprop="url"></a>                <div class="hover_container">            <div class="hover">                <div class="info_symbol"></div>            </div>        </div>                    </article>            </li>                    <li class="article" itemprop="itemListElement" itemscope="" itemtype="http://schema.org/Product">                    <article class="article_container" id="item_description_125121">            <a class="article_name" title="Ver ficha de MACARRONES GALLO ARROZ SIN GLUTEN 450 G" href="/MACARRONES-GALLO-ARROZ-SIN-GLUTEN-450-G_125121_prd_es_ES.jsp" itemprop="url"><span itemprop="name" id="description_text">MACARRONES GALLO ARROZ SIN GLUTEN 450 G</span></a>            <!--informacion de gluten y calorias -->        <div class="info_container">                            <span class="calories">362 <span>kcal</span></span>                <a class="info" title="Producto con 362 kilocalorías" href="javascript:void(0);">                    <span class="info_text">Producto con 362 kilocalorías.</span>                </a>                                                            <img class="info_icon" alt="10% Descuento para suscriptores Condisline Prime" src="//static.condisline.com/resize_39x39/images/product_icons/icon_subscription.png" width="39" height="39">                                            <a class="info" title="10% Descuento para suscriptores Condisline Prime" href="javascript:void(0);">                            <span class="info_text">10% Descuento para suscriptores Condisline Prime</span>                        </a>                                                        <img class="info_icon" alt="Producto sin gluten" src="//static.condisline.com/resize_39x39/images/product_icons/no_gluten.png" width="39" height="39">                                            <a class="info" title="Producto sin gluten" href="javascript:void(0);">                            <span class="info_text">Producto sin gluten</span>                        </a>                                                        </div>        <img class="article_image" alt="MACARRONES GALLO ARROZ SIN GLUTEN 450 G" data-original="//static.condisline.com/resize_190x200/images/catalog/large/125121.jpg" src="//static.condisline.com/resize_190x200/images/catalog/large/125121.jpg" width="190" height="200" style="display: block;">        <meta itemprop="image" content="//static.condisline.com/resize_190x200/images/catalog/large/125121.jpg">        <div class="article_price_container" itemprop="offers" itemscope="" itemtype="http://schema.org/Offer">            <!-- Price -->                                            <span class="article_price" itemprop="price"><span id="list_price_125121">2,49</span></span>                <span class="currency">€</span>                <script>                    formatNumber('2.49', 'list_price_125121');                </script>                        <meta itemprop="priceCurrency" content="EUR">            <div class="unit_container">                                    <a class="substract_button" title="Menos" href="javascript:void(0);">-</a>                                <label class="quantity_container">                                                                        <input class="input_quantity_product" id="item_quantity_125121" type="number" data-product="125121" value="" min="1" max="999" required="" autocomplete="off">                                                            </label>                                    <a class="add_button" title="Más" href="javascript:void(0);">+</a>                    <a class="added_tick" title="Cambiar unidades" href="javascript:void(0);"></a>                            </div>                                                <div class="article_pum">                        <span>      5,53€/Kilo</span>                    </div>                                                                            <a data-product-id="125121" class="orange_button btn_add2cart" title="Añadir al carrito" onclick="dataLayer.push({event: 'event_gtm',category:'acciones usuario', action:'a�adir producto desde listado'})" href="javascript:addToCartFromItemList('125121')">AÑADIR AL CARRITO &gt;</a>                                        <span class="added_button">En carrito</span>                                    <a class="white_button" title="Añadir a mi lista" href="javascript:addToListFromItemList('125121')" onclick="dataLayer.push({event: 'event_gtm',category:'acciones usuario', action:'a�adir producto a lista'});">Añadir a mi lista</a>                                </div>                    <a class="article_link" title="Ver ficha de MACARRONES GALLO ARROZ SIN GLUTEN 450 G" href="/MACARRONES-GALLO-ARROZ-SIN-GLUTEN-450-G_125121_prd_es_ES.jsp" onclick="javascript:callingTaggingEnpoints('')" itemprop="url"></a>                <div class="hover_container">            <div class="hover">                <div class="info_symbol"></div>            </div>        </div>                    </article>            </li>                    <li class="article" itemprop="itemListElement" itemscope="" itemtype="http://schema.org/Product">                    <article class="article_container" id="item_description_123090">            <a class="article_name" title="Ver ficha de COUS COUS GALLO  500 G" href="/COUS-COUS-GALLO-500-G_123090_prd_es_ES.jsp" itemprop="url"><span itemprop="name" id="description_text">COUS COUS GALLO  500 G</span></a>            <!--informacion de gluten y calorias -->        <div class="info_container">                            <span class="calories">349 <span>kcal</span></span>                <a class="info" title="Producto con 349 kilocalorías" href="javascript:void(0);">                    <span class="info_text">Producto con 349 kilocalorías.</span>                </a>                                                            <img class="info_icon" alt="10% Descuento para suscriptores Condisline Prime" src="//static.condisline.com/resize_39x39/images/product_icons/icon_subscription.png" width="39" height="39">                                            <a class="info" title="10% Descuento para suscriptores Condisline Prime" href="javascript:void(0);">                            <span class="info_text">10% Descuento para suscriptores Condisline Prime</span>                        </a>                                                        </div>        <img class="article_image" alt="COUS COUS GALLO  500 G" data-original="//static.condisline.com/resize_190x200/images/catalog/large/123090.jpg" src="//static.condisline.com/resize_190x200/images/catalog/large/123090.jpg" width="190" height="200" style="display: block;">        <meta itemprop="image" content="//static.condisline.com/resize_190x200/images/catalog/large/123090.jpg">        <div class="article_price_container" itemprop="offers" itemscope="" itemtype="http://schema.org/Offer">            <!-- Price -->                                            <span class="article_price" itemprop="price"><span id="list_price_123090">2,00</span></span>                <span class="currency">€</span>                <script>                    formatNumber('2', 'list_price_123090');                </script>                        <meta itemprop="priceCurrency" content="EUR">            <div class="unit_container">                                    <a class="substract_button" title="Menos" href="javascript:void(0);">-</a>                                <label class="quantity_container">                                                                        <input class="input_quantity_product" id="item_quantity_123090" type="number" data-product="123090" value="" min="1" max="999" required="" autocomplete="off">                                                            </label>                                    <a class="add_button" title="Más" href="javascript:void(0);">+</a>                    <a class="added_tick" title="Cambiar unidades" href="javascript:void(0);"></a>                            </div>                                                <div class="article_pum">                        <span>      4,00€/Kilo</span>                    </div>                                                                            <a data-product-id="123090" class="orange_button btn_add2cart" title="Añadir al carrito" onclick="dataLayer.push({event: 'event_gtm',category:'acciones usuario', action:'a�adir producto desde listado'})" href="javascript:addToCartFromItemList('123090')">AÑADIR AL CARRITO &gt;</a>                                        <span class="added_button">En carrito</span>                                    <a class="white_button" title="Añadir a mi lista" href="javascript:addToListFromItemList('123090')" onclick="dataLayer.push({event: 'event_gtm',category:'acciones usuario', action:'a�adir producto a lista'});">Añadir a mi lista</a>                                </div>                    <a class="article_link" title="Ver ficha de COUS COUS GALLO  500 G" href="/COUS-COUS-GALLO-500-G_123090_prd_es_ES.jsp" onclick="javascript:callingTaggingEnpoints('')" itemprop="url"></a>                <div class="hover_container">            <div class="hover">                <div class="info_symbol"></div>            </div>        </div>                    </article>            </li>                    <li class="article" itemprop="itemListElement" itemscope="" itemtype="http://schema.org/Product">                    <article class="article_container" id="item_description_103034">            <a class="article_name" title="Ver ficha de ARROZ CONDIS BASMATI 1 KG" href="/ARROZ-CONDIS-BASMATI-1-KG_103034_prd_es_ES.jsp" itemprop="url"><span itemprop="name" id="description_text">ARROZ CONDIS BASMATI 1 KG</span></a>            <!--informacion de gluten y calorias -->        <div class="info_container">                            <span class="calories">343 <span>kcal</span></span>                <a class="info" title="Producto con 343 kilocalorías" href="javascript:void(0);">                    <span class="info_text">Producto con 343 kilocalorías.</span>                </a>                                                            <img class="info_icon" alt="10% Descuento para suscriptores Condisline Prime" src="//static.condisline.com/resize_39x39/images/product_icons/icon_subscription.png" width="39" height="39">                                            <a class="info" title="10% Descuento para suscriptores Condisline Prime" href="javascript:void(0);">                            <span class="info_text">10% Descuento para suscriptores Condisline Prime</span>                        </a>                                                        <img class="info_icon" alt="Marca propia" src="//static.condisline.com/resize_39x39/images/product_icons/marca_propia.png" width="39" height="39">                                            <a class="info" title="Marca propia" href="javascript:void(0);">                            <span class="info_text">Marca propia</span>                        </a>                                                        </div>        <img class="article_image" alt="ARROZ CONDIS BASMATI 1 KG" data-original="//static.condisline.com/resize_190x200/images/catalog/large/103034.jpg" src="//static.condisline.com/resize_190x200/images/catalog/large/103034.jpg" width="190" height="200" style="display: block;">        <meta itemprop="image" content="//static.condisline.com/resize_190x200/images/catalog/large/103034.jpg">        <div class="article_price_container" itemprop="offers" itemscope="" itemtype="http://schema.org/Offer">            <!-- Price -->                                            <span class="article_price" itemprop="price"><span id="list_price_103034">2,35</span></span>                <span class="currency">€</span>                <script>                    formatNumber('2.35', 'list_price_103034');                </script>                        <meta itemprop="priceCurrency" content="EUR">            <div class="unit_container">                                    <a class="substract_button" title="Menos" href="javascript:void(0);">-</a>                                <label class="quantity_container">                                                                        <input class="input_quantity_product" id="item_quantity_103034" type="number" data-product="103034" value="" min="1" max="999" required="" autocomplete="off">                                                            </label>                                    <a class="add_button" title="Más" href="javascript:void(0);">+</a>                    <a class="added_tick" title="Cambiar unidades" href="javascript:void(0);"></a>                            </div>                                                <div class="article_pum">                        <span>      2,35€/Kilo</span>                    </div>                                                                            <a data-product-id="103034" class="orange_button btn_add2cart" title="Añadir al carrito" onclick="dataLayer.push({event: 'event_gtm',category:'acciones usuario', action:'a�adir producto desde listado'})" href="javascript:addToCartFromItemList('103034')">AÑADIR AL CARRITO &gt;</a>                                        <span class="added_button">En carrito</span>                                    <a class="white_button" title="Añadir a mi lista" href="javascript:addToListFromItemList('103034')" onclick="dataLayer.push({event: 'event_gtm',category:'acciones usuario', action:'a�adir producto a lista'});">Añadir a mi lista</a>                                </div>                    <a class="article_link" title="Ver ficha de ARROZ CONDIS BASMATI 1 KG" href="/ARROZ-CONDIS-BASMATI-1-KG_103034_prd_es_ES.jsp" onclick="javascript:callingTaggingEnpoints('')" itemprop="url"></a>                <div class="hover_container">            <div class="hover">                <div class="info_symbol"></div>            </div>        </div>                    </article>            </li>                    <li class="article" itemprop="itemListElement" itemscope="" itemtype="http://schema.org/Product">                    <article class="article_container" id="item_description_121151">            <a class="article_name" title="Ver ficha de PASTA CONDIS TIBURÓN 500 G" href="/PASTA-CONDIS-TIBURON-500-G_121151_prd_es_ES.jsp" itemprop="url"><span itemprop="name" id="description_text">PASTA CONDIS TIBURÓN 500 G</span></a>            <!--informacion de gluten y calorias -->        <div class="info_container">                            <span class="calories">344 <span>kcal</span></span>                <a class="info" title="Producto con 344 kilocalorías" href="javascript:void(0);">                    <span class="info_text">Producto con 344 kilocalorías.</span>                </a>                                                            <img class="info_icon" alt="10% Descuento para suscriptores Condisline Prime" src="//static.condisline.com/resize_39x39/images/product_icons/icon_subscription.png" width="39" height="39">                                            <a class="info" title="10% Descuento para suscriptores Condisline Prime" href="javascript:void(0);">                            <span class="info_text">10% Descuento para suscriptores Condisline Prime</span>                        </a>                                                        <img class="info_icon" alt="Marca propia" src="//static.condisline.com/resize_39x39/images/product_icons/marca_propia.png" width="39" height="39">                                            <a class="info" title="Marca propia" href="javascript:void(0);">                            <span class="info_text">Marca propia</span>                        </a>                                                        </div>        <img class="article_image" alt="PASTA CONDIS TIBURÓN 500 G" data-original="//static.condisline.com/resize_190x200/images/catalog/large/121151.jpg" src="//static.condisline.com/resize_190x200/images/catalog/large/121151.jpg" width="190" height="200" style="display: block;">        <meta itemprop="image" content="//static.condisline.com/resize_190x200/images/catalog/large/121151.jpg">        <div class="article_price_container" itemprop="offers" itemscope="" itemtype="http://schema.org/Offer">            <!-- Price -->                                            <span class="article_price" itemprop="price"><span id="list_price_121151">0,79</span></span>                <span class="currency">€</span>                <script>                    formatNumber('0.79', 'list_price_121151');                </script>                        <meta itemprop="priceCurrency" content="EUR">            <div class="unit_container">                                    <a class="substract_button" title="Menos" href="javascript:void(0);">-</a>                                <label class="quantity_container">                                                                        <input class="input_quantity_product" id="item_quantity_121151" type="number" data-product="121151" value="" min="1" max="999" required="" autocomplete="off">                                                            </label>                                    <a class="add_button" title="Más" href="javascript:void(0);">+</a>                    <a class="added_tick" title="Cambiar unidades" href="javascript:void(0);"></a>                            </div>                                                <div class="article_pum">                        <span>      1,58€/Kilo</span>                    </div>                                                                            <a data-product-id="121151" class="orange_button btn_add2cart" title="Añadir al carrito" onclick="dataLayer.push({event: 'event_gtm',category:'acciones usuario', action:'a�adir producto desde listado'})" href="javascript:addToCartFromItemList('121151')">AÑADIR AL CARRITO &gt;</a>                                        <span class="added_button">En carrito</span>                                    <a class="white_button" title="Añadir a mi lista" href="javascript:addToListFromItemList('121151')" onclick="dataLayer.push({event: 'event_gtm',category:'acciones usuario', action:'a�adir producto a lista'});">Añadir a mi lista</a>                                </div>                    <a class="article_link" title="Ver ficha de PASTA CONDIS TIBURÓN 500 G" href="/PASTA-CONDIS-TIBURON-500-G_121151_prd_es_ES.jsp" onclick="javascript:callingTaggingEnpoints('')" itemprop="url"></a>                <div class="hover_container">            <div class="hover">                <div class="info_symbol"></div>            </div>        </div>                    </article>            </li>                    <li class="article" itemprop="itemListElement" itemscope="" itemtype="http://schema.org/Product">                    <article class="article_container" id="item_description_121025">            <a class="article_name" title="Ver ficha de PASTA GALLO MARISCO 250 G" href="/PASTA-GALLO-MARISCO-250-G_121025_prd_es_ES.jsp" itemprop="url"><span itemprop="name" id="description_text">PASTA GALLO MARISCO 250 G</span></a>            <!--informacion de gluten y calorias -->        <div class="info_container">                            <span class="calories">344 <span>kcal</span></span>                <a class="info" title="Producto con 344 kilocalorías" href="javascript:void(0);">                    <span class="info_text">Producto con 344 kilocalorías.</span>                </a>                                                            <img class="info_icon" alt="10% Descuento para suscriptores Condisline Prime" src="//static.condisline.com/resize_39x39/images/product_icons/icon_subscription.png" width="39" height="39">                                            <a class="info" title="10% Descuento para suscriptores Condisline Prime" href="javascript:void(0);">                            <span class="info_text">10% Descuento para suscriptores Condisline Prime</span>                        </a>                                                        </div>        <img class="article_image" alt="PASTA GALLO MARISCO 250 G" data-original="//static.condisline.com/resize_190x200/images/catalog/large/121025.jpg" src="//static.condisline.com/resize_190x200/images/catalog/large/121025.jpg" width="190" height="200" style="display: block;">        <meta itemprop="image" content="//static.condisline.com/resize_190x200/images/catalog/large/121025.jpg">        <div class="article_price_container" itemprop="offers" itemscope="" itemtype="http://schema.org/Offer">            <!-- Price -->                                            <span class="article_price" itemprop="price"><span id="list_price_121025">0,89</span></span>                <span class="currency">€</span>                <script>                    formatNumber('0.89', 'list_price_121025');                </script>                        <meta itemprop="priceCurrency" content="EUR">            <div class="unit_container">                                    <a class="substract_button" title="Menos" href="javascript:void(0);">-</a>                                <label class="quantity_container">                                                                        <input class="input_quantity_product" id="item_quantity_121025" type="number" data-product="121025" value="" min="1" max="999" required="" autocomplete="off">                                                            </label>                                    <a class="add_button" title="Más" href="javascript:void(0);">+</a>                    <a class="added_tick" title="Cambiar unidades" href="javascript:void(0);"></a>                            </div>                                                <div class="article_pum">                        <span>      3,56€/Kilo</span>                    </div>                                                                            <a data-product-id="121025" class="orange_button btn_add2cart" title="Añadir al carrito" onclick="dataLayer.push({event: 'event_gtm',category:'acciones usuario', action:'a�adir producto desde listado'})" href="javascript:addToCartFromItemList('121025')">AÑADIR AL CARRITO &gt;</a>                                        <span class="added_button">En carrito</span>                                    <a class="white_button" title="Añadir a mi lista" href="javascript:addToListFromItemList('121025')" onclick="dataLayer.push({event: 'event_gtm',category:'acciones usuario', action:'a�adir producto a lista'});">Añadir a mi lista</a>                                </div>                    <a class="article_link" title="Ver ficha de PASTA GALLO MARISCO 250 G" href="/PASTA-GALLO-MARISCO-250-G_121025_prd_es_ES.jsp" onclick="javascript:callingTaggingEnpoints('')" itemprop="url"></a>                <div class="hover_container">            <div class="hover">                <div class="info_symbol"></div>            </div>        </div>                    </article>            </li>                    <li class="article" itemprop="itemListElement" itemscope="" itemtype="http://schema.org/Product">                    <article class="article_container" id="item_description_103050">            <a class="article_name" title="Ver ficha de COUS COUS BRILLANTE 250 G" href="/COUS-COUS-BRILLANTE-250-G_103050_prd_es_ES.jsp" itemprop="url"><span itemprop="name" id="description_text">COUS COUS BRILLANTE 250 G</span></a>            <!--informacion de gluten y calorias -->        <div class="info_container">                            <span class="calories">170 <span>kcal</span></span>                <a class="info" title="Producto con 170 kilocalorías" href="javascript:void(0);">                    <span class="info_text">Producto con 170 kilocalorías.</span>                </a>                                                            <img class="info_icon" alt="10% Descuento para suscriptores Condisline Prime" src="//static.condisline.com/resize_39x39/images/product_icons/icon_subscription.png" width="39" height="39">                                            <a class="info" title="10% Descuento para suscriptores Condisline Prime" href="javascript:void(0);">                            <span class="info_text">10% Descuento para suscriptores Condisline Prime</span>                        </a>                                                        </div>        <img class="article_image" alt="COUS COUS BRILLANTE 250 G" data-original="//static.condisline.com/resize_190x200/images/catalog/large/103050.jpg" src="//static.condisline.com/resize_190x200/images/catalog/large/103050.jpg" width="190" height="200" style="display: block;">        <meta itemprop="image" content="//static.condisline.com/resize_190x200/images/catalog/large/103050.jpg">        <div class="article_price_container" itemprop="offers" itemscope="" itemtype="http://schema.org/Offer">            <!-- Price -->                                            <span class="article_price" itemprop="price"><span id="list_price_103050">1,59</span></span>                <span class="currency">€</span>                <script>                    formatNumber('1.59', 'list_price_103050');                </script>                        <meta itemprop="priceCurrency" content="EUR">            <div class="unit_container">                                    <a class="substract_button" title="Menos" href="javascript:void(0);">-</a>                                <label class="quantity_container">                                                                        <input class="input_quantity_product" id="item_quantity_103050" type="number" data-product="103050" value="" min="1" max="999" required="" autocomplete="off">                                                            </label>                                    <a class="add_button" title="Más" href="javascript:void(0);">+</a>                    <a class="added_tick" title="Cambiar unidades" href="javascript:void(0);"></a>                            </div>                                                <div class="article_pum">                        <span>      6,36€/Kilo</span>                    </div>                                                                            <a data-product-id="103050" class="orange_button btn_add2cart" title="Añadir al carrito" onclick="dataLayer.push({event: 'event_gtm',category:'acciones usuario', action:'a�adir producto desde listado'})" href="javascript:addToCartFromItemList('103050')">AÑADIR AL CARRITO &gt;</a>                                        <span class="added_button">En carrito</span>                                    <a class="white_button" title="Añadir a mi lista" href="javascript:addToListFromItemList('103050')" onclick="dataLayer.push({event: 'event_gtm',category:'acciones usuario', action:'a�adir producto a lista'});">Añadir a mi lista</a>                                </div>                    <a class="article_link" title="Ver ficha de COUS COUS BRILLANTE 250 G" href="/COUS-COUS-BRILLANTE-250-G_103050_prd_es_ES.jsp" onclick="javascript:callingTaggingEnpoints('')" itemprop="url"></a>                <div class="hover_container">            <div class="hover">                <div class="info_symbol"></div>            </div>        </div>                    </article>            </li>                    <li class="article" itemprop="itemListElement" itemscope="" itemtype="http://schema.org/Product">                    <article class="article_container" id="item_description_121007">            <a class="article_name" title="Ver ficha de PASTA GALLO HUEVO NIDO 250 G" href="/PASTA-GALLO-HUEVO-NIDO-250-G_121007_prd_es_ES.jsp" itemprop="url"><span itemprop="name" id="description_text">PASTA GALLO HUEVO NIDO 250 G</span></a>            <!--informacion de gluten y calorias -->        <div class="info_container">                            <span class="calories">344 <span>kcal</span></span>                <a class="info" title="Producto con 344 kilocalorías" href="javascript:void(0);">                    <span class="info_text">Producto con 344 kilocalorías.</span>                </a>                                                            <img class="info_icon" alt="10% Descuento para suscriptores Condisline Prime" src="//static.condisline.com/resize_39x39/images/product_icons/icon_subscription.png" width="39" height="39">                                            <a class="info" title="10% Descuento para suscriptores Condisline Prime" href="javascript:void(0);">                            <span class="info_text">10% Descuento para suscriptores Condisline Prime</span>                        </a>                                                        </div>        <img class="article_image" alt="PASTA GALLO HUEVO NIDO 250 G" data-original="//static.condisline.com/resize_190x200/images/catalog/large/121007.jpg" src="//static.condisline.com/resize_190x200/images/catalog/large/121007.jpg" width="190" height="200" style="display: block;">        <meta itemprop="image" content="//static.condisline.com/resize_190x200/images/catalog/large/121007.jpg">        <div class="article_price_container" itemprop="offers" itemscope="" itemtype="http://schema.org/Offer">            <!-- Price -->                                            <span class="article_price" itemprop="price"><span id="list_price_121007">1,15</span></span>                <span class="currency">€</span>                <script>                    formatNumber('1.15', 'list_price_121007');                </script>                        <meta itemprop="priceCurrency" content="EUR">            <div class="unit_container">                                    <a class="substract_button" title="Menos" href="javascript:void(0);">-</a>                                <label class="quantity_container">                                                                        <input class="input_quantity_product" id="item_quantity_121007" type="number" data-product="121007" value="" min="1" max="999" required="" autocomplete="off">                                                            </label>                                    <a class="add_button" title="Más" href="javascript:void(0);">+</a>                    <a class="added_tick" title="Cambiar unidades" href="javascript:void(0);"></a>                            </div>                                                <div class="article_pum">                        <span>      4,60€/Kilo</span>                    </div>                                                                            <a data-product-id="121007" class="orange_button btn_add2cart" title="Añadir al carrito" onclick="dataLayer.push({event: 'event_gtm',category:'acciones usuario', action:'a�adir producto desde listado'})" href="javascript:addToCartFromItemList('121007')">AÑADIR AL CARRITO &gt;</a>                                        <span class="added_button">En carrito</span>                                    <a class="white_button" title="Añadir a mi lista" href="javascript:addToListFromItemList('121007')" onclick="dataLayer.push({event: 'event_gtm',category:'acciones usuario', action:'a�adir producto a lista'});">Añadir a mi lista</a>                                </div>                    <a class="article_link" title="Ver ficha de PASTA GALLO HUEVO NIDO 250 G" href="/PASTA-GALLO-HUEVO-NIDO-250-G_121007_prd_es_ES.jsp" onclick="javascript:callingTaggingEnpoints('')" itemprop="url"></a>                <div class="hover_container">            <div class="hover">                <div class="info_symbol"></div>            </div>        </div>                    </article>            </li>                    <li class="article" itemprop="itemListElement" itemscope="" itemtype="http://schema.org/Product">                    <article class="article_container" id="item_description_122150">            <a class="article_name" title="Ver ficha de PASTA GALLO ESPAGUETI N.3 1€ 400 G" href="/PASTA-GALLO-ESPAGUETI-N-3-1%E2%82%AC-400-G_122150_prd_es_ES.jsp" itemprop="url"><span itemprop="name" id="description_text">PASTA GALLO ESPAGUETI N.3 1€ 400 G</span></a>            <!--informacion de gluten y calorias -->        <div class="info_container">                            <span class="calories">344 <span>kcal</span></span>                <a class="info" title="Producto con 344 kilocalorías" href="javascript:void(0);">                    <span class="info_text">Producto con 344 kilocalorías.</span>                </a>                                                            <img class="info_icon" alt="10% Descuento para suscriptores Condisline Prime" src="//static.condisline.com/resize_39x39/images/product_icons/icon_subscription.png" width="39" height="39">                                            <a class="info" title="10% Descuento para suscriptores Condisline Prime" href="javascript:void(0);">                            <span class="info_text">10% Descuento para suscriptores Condisline Prime</span>                        </a>                                                        </div>        <img class="article_image" alt="PASTA GALLO ESPAGUETI N.3 1€ 400 G" data-original="//static.condisline.com/resize_190x200/images/catalog/large/122150.jpg" src="//static.condisline.com/resize_190x200/images/catalog/large/122150.jpg" width="190" height="200" style="display: block;">        <meta itemprop="image" content="//static.condisline.com/resize_190x200/images/catalog/large/122150.jpg">        <div class="article_price_container" itemprop="offers" itemscope="" itemtype="http://schema.org/Offer">            <!-- Price -->                                            <span class="article_price" itemprop="price"><span id="list_price_122150">1,00</span></span>                <span class="currency">€</span>                <script>                    formatNumber('1', 'list_price_122150');                </script>                        <meta itemprop="priceCurrency" content="EUR">            <div class="unit_container">                                    <a class="substract_button" title="Menos" href="javascript:void(0);">-</a>                                <label class="quantity_container">                                                                        <input class="input_quantity_product" id="item_quantity_122150" type="number" data-product="122150" value="" min="1" max="999" required="" autocomplete="off">                                                            </label>                                    <a class="add_button" title="Más" href="javascript:void(0);">+</a>                    <a class="added_tick" title="Cambiar unidades" href="javascript:void(0);"></a>                            </div>                                                <div class="article_pum">                        <span>      2,50€/Kilo</span>                    </div>                                                                            <a data-product-id="122150" class="orange_button btn_add2cart" title="Añadir al carrito" onclick="dataLayer.push({event: 'event_gtm',category:'acciones usuario', action:'a�adir producto desde listado'})" href="javascript:addToCartFromItemList('122150')">AÑADIR AL CARRITO &gt;</a>                                        <span class="added_button">En carrito</span>                                    <a class="white_button" title="Añadir a mi lista" href="javascript:addToListFromItemList('122150')" onclick="dataLayer.push({event: 'event_gtm',category:'acciones usuario', action:'a�adir producto a lista'});">Añadir a mi lista</a>                                </div>                    <a class="article_link" title="Ver ficha de PASTA GALLO ESPAGUETI N.3 1€ 400 G" href="/PASTA-GALLO-ESPAGUETI-N-3-1%E2%82%AC-400-G_122150_prd_es_ES.jsp" onclick="javascript:callingTaggingEnpoints('')" itemprop="url"></a>                <div class="hover_container">            <div class="hover">                <div class="info_symbol"></div>            </div>        </div>                    </article>            </li>                    <li class="article" itemprop="itemListElement" itemscope="" itemtype="http://schema.org/Product">                    <article class="article_container" id="item_description_118034">            <a class="article_name" title="Ver ficha de PASTA GALLO ÑOQUI BOLITAS DE PATATA 400 G" href="/PASTA-GALLO-NOQUI-BOLITAS-DE-PATATA-400-G_118034_prd_es_ES.jsp" itemprop="url"><span itemprop="name" id="description_text">PASTA GALLO ÑOQUI BOLITAS DE PATATA 400 G</span></a>            <!--informacion de gluten y calorias -->        <div class="info_container">                            <span class="calories">155 <span>kcal</span></span>                <a class="info" title="Producto con 155 kilocalorías" href="javascript:void(0);">                    <span class="info_text">Producto con 155 kilocalorías.</span>                </a>                                                            <img class="info_icon" alt="10% Descuento para suscriptores Condisline Prime" src="//static.condisline.com/resize_39x39/images/product_icons/icon_subscription.png" width="39" height="39">                                            <a class="info" title="10% Descuento para suscriptores Condisline Prime" href="javascript:void(0);">                            <span class="info_text">10% Descuento para suscriptores Condisline Prime</span>                        </a>                                                        </div>        <img class="article_image" alt="PASTA GALLO ÑOQUI BOLITAS DE PATATA 400 G" data-original="//static.condisline.com/resize_190x200/images/catalog/large/118034.jpg" src="//static.condisline.com/resize_190x200/images/catalog/large/118034.jpg" width="190" height="200" style="display: block;">        <meta itemprop="image" content="//static.condisline.com/resize_190x200/images/catalog/large/118034.jpg">        <div class="article_price_container" itemprop="offers" itemscope="" itemtype="http://schema.org/Offer">            <!-- Price -->                                            <span class="article_price" itemprop="price"><span id="list_price_118034">1,59</span></span>                <span class="currency">€</span>                <script>                    formatNumber('1.59', 'list_price_118034');                </script>                        <meta itemprop="priceCurrency" content="EUR">            <div class="unit_container">                                    <a class="substract_button" title="Menos" href="javascript:void(0);">-</a>                                <label class="quantity_container">                                                                        <input class="input_quantity_product" id="item_quantity_118034" type="number" data-product="118034" value="" min="1" max="999" required="" autocomplete="off">                                                            </label>                                    <a class="add_button" title="Más" href="javascript:void(0);">+</a>                    <a class="added_tick" title="Cambiar unidades" href="javascript:void(0);"></a>                            </div>                                                <div class="article_pum">                        <span>      3,98€/Kilo</span>                    </div>                                                                            <a data-product-id="118034" class="orange_button btn_add2cart" title="Añadir al carrito" onclick="dataLayer.push({event: 'event_gtm',category:'acciones usuario', action:'a�adir producto desde listado'})" href="javascript:addToCartFromItemList('118034')">AÑADIR AL CARRITO &gt;</a>                                        <span class="added_button">En carrito</span>                                    <a class="white_button" title="Añadir a mi lista" href="javascript:addToListFromItemList('118034')" onclick="dataLayer.push({event: 'event_gtm',category:'acciones usuario', action:'a�adir producto a lista'});">Añadir a mi lista</a>                                </div>                    <a class="article_link" title="Ver ficha de PASTA GALLO ÑOQUI BOLITAS DE PATATA 400 G" href="/PASTA-GALLO-NOQUI-BOLITAS-DE-PATATA-400-G_118034_prd_es_ES.jsp" onclick="javascript:callingTaggingEnpoints('')" itemprop="url"></a>                <div class="hover_container">            <div class="hover">                <div class="info_symbol"></div>            </div>        </div>                    </article>            </li>                    <li class="article" itemprop="itemListElement" itemscope="" itemtype="http://schema.org/Product">                    <article class="article_container" id="item_description_118033">            <a class="article_name" title="Ver ficha de PASTA GALLO PAJARITAS VEGETALES 450 G" href="/PASTA-GALLO-PAJARITAS-VEGETALES-450-G_118033_prd_es_ES.jsp" itemprop="url"><span itemprop="name" id="description_text">PASTA GALLO PAJARITAS VEGETALES 450 G</span></a>            <!--informacion de gluten y calorias -->        <div class="info_container">                            <span class="calories">344 <span>kcal</span></span>                <a class="info" title="Producto con 344 kilocalorías" href="javascript:void(0);">                    <span class="info_text">Producto con 344 kilocalorías.</span>                </a>                                                            <img class="info_icon" alt="10% Descuento para suscriptores Condisline Prime" src="//static.condisline.com/resize_39x39/images/product_icons/icon_subscription.png" width="39" height="39">                                            <a class="info" title="10% Descuento para suscriptores Condisline Prime" href="javascript:void(0);">                            <span class="info_text">10% Descuento para suscriptores Condisline Prime</span>                        </a>                                                        </div>        <img class="article_image" alt="PASTA GALLO PAJARITAS VEGETALES 450 G" data-original="//static.condisline.com/resize_190x200/images/catalog/large/118033.jpg" src="//static.condisline.com/resize_190x200/images/catalog/large/118033.jpg" width="190" height="200" style="display: block;">        <meta itemprop="image" content="//static.condisline.com/resize_190x200/images/catalog/large/118033.jpg">        <div class="article_price_container" itemprop="offers" itemscope="" itemtype="http://schema.org/Offer">            <!-- Price -->                                            <span class="article_price" itemprop="price"><span id="list_price_118033">1,79</span></span>                <span class="currency">€</span>                <script>                    formatNumber('1.79', 'list_price_118033');                </script>                        <meta itemprop="priceCurrency" content="EUR">            <div class="unit_container">                                    <a class="substract_button" title="Menos" href="javascript:void(0);">-</a>                                <label class="quantity_container">                                                                        <input class="input_quantity_product" id="item_quantity_118033" type="number" data-product="118033" value="" min="1" max="999" required="" autocomplete="off">                                                            </label>                                    <a class="add_button" title="Más" href="javascript:void(0);">+</a>                    <a class="added_tick" title="Cambiar unidades" href="javascript:void(0);"></a>                            </div>                                                <div class="article_pum">                        <span>      3,98€/Kilo</span>                    </div>                                                                            <a data-product-id="118033" class="orange_button btn_add2cart" title="Añadir al carrito" onclick="dataLayer.push({event: 'event_gtm',category:'acciones usuario', action:'a�adir producto desde listado'})" href="javascript:addToCartFromItemList('118033')">AÑADIR AL CARRITO &gt;</a>                                        <span class="added_button">En carrito</span>                                    <a class="white_button" title="Añadir a mi lista" href="javascript:addToListFromItemList('118033')" onclick="dataLayer.push({event: 'event_gtm',category:'acciones usuario', action:'a�adir producto a lista'});">Añadir a mi lista</a>                                </div>                    <a class="article_link" title="Ver ficha de PASTA GALLO PAJARITAS VEGETALES 450 G" href="/PASTA-GALLO-PAJARITAS-VEGETALES-450-G_118033_prd_es_ES.jsp" onclick="javascript:callingTaggingEnpoints('')" itemprop="url"></a>                <div class="hover_container">            <div class="hover">                <div class="info_symbol"></div>            </div>        </div>                    </article>            </li>                    <li class="article" itemprop="itemListElement" itemscope="" itemtype="http://schema.org/Product">                    <article class="article_container" id="item_description_121251">            <a class="article_name" title="Ver ficha de PASTA GALLO TIBURÓN GALET 250 G" href="/PASTA-GALLO-TIBURON-GALET-250-G_121251_prd_es_ES.jsp" itemprop="url"><span itemprop="name" id="description_text">PASTA GALLO TIBURÓN GALET 250 G</span></a>            <!--informacion de gluten y calorias -->        <div class="info_container">                            <span class="calories">344 <span>kcal</span></span>                <a class="info" title="Producto con 344 kilocalorías" href="javascript:void(0);">                    <span class="info_text">Producto con 344 kilocalorías.</span>                </a>                                                            <img class="info_icon" alt="10% Descuento para suscriptores Condisline Prime" src="//static.condisline.com/resize_39x39/images/product_icons/icon_subscription.png" width="39" height="39">                                            <a class="info" title="10% Descuento para suscriptores Condisline Prime" href="javascript:void(0);">                            <span class="info_text">10% Descuento para suscriptores Condisline Prime</span>                        </a>                                                        </div>        <img class="article_image" alt="PASTA GALLO TIBURÓN GALET 250 G" data-original="//static.condisline.com/resize_190x200/images/catalog/large/121251.jpg" src="//static.condisline.com/resize_190x200/images/catalog/large/121251.jpg" width="190" height="200" style="display: block;">        <meta itemprop="image" content="//static.condisline.com/resize_190x200/images/catalog/large/121251.jpg">        <div class="article_price_container" itemprop="offers" itemscope="" itemtype="http://schema.org/Offer">            <!-- Price -->                                            <span class="article_price" itemprop="price"><span id="list_price_121251">0,89</span></span>                <span class="currency">€</span>                <script>                    formatNumber('0.89', 'list_price_121251');                </script>                        <meta itemprop="priceCurrency" content="EUR">            <div class="unit_container">                                    <a class="substract_button" title="Menos" href="javascript:void(0);">-</a>                                <label class="quantity_container">                                                                        <input class="input_quantity_product" id="item_quantity_121251" type="number" data-product="121251" value="" min="1" max="999" required="" autocomplete="off">                                                            </label>                                    <a class="add_button" title="Más" href="javascript:void(0);">+</a>                    <a class="added_tick" title="Cambiar unidades" href="javascript:void(0);"></a>                            </div>                                                <div class="article_pum">                        <span>      3,56€/Kilo</span>                    </div>                                                                            <a data-product-id="121251" class="orange_button btn_add2cart" title="Añadir al carrito" onclick="dataLayer.push({event: 'event_gtm',category:'acciones usuario', action:'a�adir producto desde listado'})" href="javascript:addToCartFromItemList('121251')">AÑADIR AL CARRITO &gt;</a>                                        <span class="added_button">En carrito</span>                                    <a class="white_button" title="Añadir a mi lista" href="javascript:addToListFromItemList('121251')" onclick="dataLayer.push({event: 'event_gtm',category:'acciones usuario', action:'a�adir producto a lista'});">Añadir a mi lista</a>                                </div>                    <a class="article_link" title="Ver ficha de PASTA GALLO TIBURÓN GALET 250 G" href="/PASTA-GALLO-TIBURON-GALET-250-G_121251_prd_es_ES.jsp" onclick="javascript:callingTaggingEnpoints('')" itemprop="url"></a>                <div class="hover_container">            <div class="hover">                <div class="info_symbol"></div>            </div>        </div>                    </article>            </li>                    <li class="article" itemprop="itemListElement" itemscope="" itemtype="http://schema.org/Product">                    <article class="article_container" id="item_description_103535">            <a class="article_name" title="Ver ficha de ARROZ NOMEN LARGO 1 KG" href="/ARROZ-NOMEN-LARGO-1-KG_103535_prd_es_ES.jsp" itemprop="url"><span itemprop="name" id="description_text">ARROZ NOMEN LARGO 1 KG</span></a>            <!--informacion de gluten y calorias -->        <div class="info_container">                            <span class="calories">338 <span>kcal</span></span>                <a class="info" title="Producto con 338 kilocalorías" href="javascript:void(0);">                    <span class="info_text">Producto con 338 kilocalorías.</span>                </a>                                                            <img class="info_icon" alt="10% Descuento para suscriptores Condisline Prime" src="//static.condisline.com/resize_39x39/images/product_icons/icon_subscription.png" width="39" height="39">                                            <a class="info" title="10% Descuento para suscriptores Condisline Prime" href="javascript:void(0);">                            <span class="info_text">10% Descuento para suscriptores Condisline Prime</span>                        </a>                                                        </div>        <img class="article_image" alt="ARROZ NOMEN LARGO 1 KG" data-original="//static.condisline.com/resize_190x200/images/catalog/large/103535.jpg" src="//static.condisline.com/resize_190x200/images/catalog/large/103535.jpg" width="190" height="200" style="display: block;">        <meta itemprop="image" content="//static.condisline.com/resize_190x200/images/catalog/large/103535.jpg">        <div class="article_price_container" itemprop="offers" itemscope="" itemtype="http://schema.org/Offer">            <!-- Price -->                                            <span class="article_price" itemprop="price"><span id="list_price_103535">1,55</span></span>                <span class="currency">€</span>                <script>                    formatNumber('1.55', 'list_price_103535');                </script>                        <meta itemprop="priceCurrency" content="EUR">            <div class="unit_container">                                    <a class="substract_button" title="Menos" href="javascript:void(0);">-</a>                                <label class="quantity_container">                                                                        <input class="input_quantity_product" id="item_quantity_103535" type="number" data-product="103535" value="" min="1" max="999" required="" autocomplete="off">                                                            </label>                                    <a class="add_button" title="Más" href="javascript:void(0);">+</a>                    <a class="added_tick" title="Cambiar unidades" href="javascript:void(0);"></a>                            </div>                                                <div class="article_pum">                        <span>      1,55€/Kilo</span>                    </div>                                                                            <a data-product-id="103535" class="orange_button btn_add2cart" title="Añadir al carrito" onclick="dataLayer.push({event: 'event_gtm',category:'acciones usuario', action:'a�adir producto desde listado'})" href="javascript:addToCartFromItemList('103535')">AÑADIR AL CARRITO &gt;</a>                                        <span class="added_button">En carrito</span>                                    <a class="white_button" title="Añadir a mi lista" href="javascript:addToListFromItemList('103535')" onclick="dataLayer.push({event: 'event_gtm',category:'acciones usuario', action:'a�adir producto a lista'});">Añadir a mi lista</a>                                </div>                    <a class="article_link" title="Ver ficha de ARROZ NOMEN LARGO 1 KG" href="/ARROZ-NOMEN-LARGO-1-KG_103535_prd_es_ES.jsp" onclick="javascript:callingTaggingEnpoints('')" itemprop="url"></a>                <div class="hover_container">            <div class="hover">                <div class="info_symbol"></div>            </div>        </div>                    </article>            </li>                    <li class="article" itemprop="itemListElement" itemscope="" itemtype="http://schema.org/Product">                    <article class="article_container" id="item_description_121022">            <a class="article_name" title="Ver ficha de PASTA GALLO LETRAS 250 G" href="/PASTA-GALLO-LETRAS-250-G_121022_prd_es_ES.jsp" itemprop="url"><span itemprop="name" id="description_text">PASTA GALLO LETRAS 250 G</span></a>            <!--informacion de gluten y calorias -->        <div class="info_container">                            <span class="calories">344 <span>kcal</span></span>                <a class="info" title="Producto con 344 kilocalorías" href="javascript:void(0);">                    <span class="info_text">Producto con 344 kilocalorías.</span>                </a>                                                            <img class="info_icon" alt="10% Descuento para suscriptores Condisline Prime" src="//static.condisline.com/resize_39x39/images/product_icons/icon_subscription.png" width="39" height="39">                                            <a class="info" title="10% Descuento para suscriptores Condisline Prime" href="javascript:void(0);">                            <span class="info_text">10% Descuento para suscriptores Condisline Prime</span>                        </a>                                                        </div>        <img class="article_image" alt="PASTA GALLO LETRAS 250 G" data-original="//static.condisline.com/resize_190x200/images/catalog/large/121022.jpg" src="//static.condisline.com/resize_190x200/images/catalog/large/121022.jpg" width="190" height="200" style="display: block;">        <meta itemprop="image" content="//static.condisline.com/resize_190x200/images/catalog/large/121022.jpg">        <div class="article_price_container" itemprop="offers" itemscope="" itemtype="http://schema.org/Offer">            <!-- Price -->                                            <span class="article_price" itemprop="price"><span id="list_price_121022">0,89</span></span>                <span class="currency">€</span>                <script>                    formatNumber('0.89', 'list_price_121022');                </script>                        <meta itemprop="priceCurrency" content="EUR">            <div class="unit_container">                                    <a class="substract_button" title="Menos" href="javascript:void(0);">-</a>                                <label class="quantity_container">                                                                        <input class="input_quantity_product" id="item_quantity_121022" type="number" data-product="121022" value="" min="1" max="999" required="" autocomplete="off">                                                            </label>                                    <a class="add_button" title="Más" href="javascript:void(0);">+</a>                    <a class="added_tick" title="Cambiar unidades" href="javascript:void(0);"></a>                            </div>                                                <div class="article_pum">                        <span>      3,56€/Kilo</span>                    </div>                                                                            <a data-product-id="121022" class="orange_button btn_add2cart" title="Añadir al carrito" onclick="dataLayer.push({event: 'event_gtm',category:'acciones usuario', action:'a�adir producto desde listado'})" href="javascript:addToCartFromItemList('121022')">AÑADIR AL CARRITO &gt;</a>                                        <span class="added_button">En carrito</span>                                    <a class="white_button" title="Añadir a mi lista" href="javascript:addToListFromItemList('121022')" onclick="dataLayer.push({event: 'event_gtm',category:'acciones usuario', action:'a�adir producto a lista'});">Añadir a mi lista</a>                                </div>                    <a class="article_link" title="Ver ficha de PASTA GALLO LETRAS 250 G" href="/PASTA-GALLO-LETRAS-250-G_121022_prd_es_ES.jsp" onclick="javascript:callingTaggingEnpoints('')" itemprop="url"></a>                <div class="hover_container">            <div class="hover">                <div class="info_symbol"></div>            </div>        </div>                    </article>            </li>                    <li class="article" itemprop="itemListElement" itemscope="" itemtype="http://schema.org/Product">                    <article class="article_container" id="item_description_121148">            <a class="article_name" title="Ver ficha de PASTA CONDIS FIDEO CAZUELA N 4 500 G" href="/PASTA-CONDIS-FIDEO-CAZUELA-N-4-500-G_121148_prd_es_ES.jsp" itemprop="url"><span itemprop="name" id="description_text">PASTA CONDIS FIDEO CAZUELA N 4 500 G</span></a>            <!--informacion de gluten y calorias -->        <div class="info_container">                            <span class="calories">344 <span>kcal</span></span>                <a class="info" title="Producto con 344 kilocalorías" href="javascript:void(0);">                    <span class="info_text">Producto con 344 kilocalorías.</span>                </a>                                                            <img class="info_icon" alt="10% Descuento para suscriptores Condisline Prime" src="//static.condisline.com/resize_39x39/images/product_icons/icon_subscription.png" width="39" height="39">                                            <a class="info" title="10% Descuento para suscriptores Condisline Prime" href="javascript:void(0);">                            <span class="info_text">10% Descuento para suscriptores Condisline Prime</span>                        </a>                                                        <img class="info_icon" alt="Marca propia" src="//static.condisline.com/resize_39x39/images/product_icons/marca_propia.png" width="39" height="39">                                            <a class="info" title="Marca propia" href="javascript:void(0);">                            <span class="info_text">Marca propia</span>                        </a>                                                        </div>        <img class="article_image" alt="PASTA CONDIS FIDEO CAZUELA N 4 500 G" data-original="//static.condisline.com/resize_190x200/images/catalog/large/121148.jpg" src="//static.condisline.com/resize_190x200/images/catalog/large/121148.jpg" width="190" height="200" style="display: block;">        <meta itemprop="image" content="//static.condisline.com/resize_190x200/images/catalog/large/121148.jpg">        <div class="article_price_container" itemprop="offers" itemscope="" itemtype="http://schema.org/Offer">            <!-- Price -->                                            <span class="article_price" itemprop="price"><span id="list_price_121148">0,79</span></span>                <span class="currency">€</span>                <script>                    formatNumber('0.79', 'list_price_121148');                </script>                        <meta itemprop="priceCurrency" content="EUR">            <div class="unit_container">                                    <a class="substract_button" title="Menos" href="javascript:void(0);">-</a>                                <label class="quantity_container">                                                                        <input class="input_quantity_product" id="item_quantity_121148" type="number" data-product="121148" value="" min="1" max="999" required="" autocomplete="off">                                                            </label>                                    <a class="add_button" title="Más" href="javascript:void(0);">+</a>                    <a class="added_tick" title="Cambiar unidades" href="javascript:void(0);"></a>                            </div>                                                <div class="article_pum">                        <span>      1,58€/Kilo</span>                    </div>                                                                            <a data-product-id="121148" class="orange_button btn_add2cart" title="Añadir al carrito" onclick="dataLayer.push({event: 'event_gtm',category:'acciones usuario', action:'a�adir producto desde listado'})" href="javascript:addToCartFromItemList('121148')">AÑADIR AL CARRITO &gt;</a>                                        <span class="added_button">En carrito</span>                                    <a class="white_button" title="Añadir a mi lista" href="javascript:addToListFromItemList('121148')" onclick="dataLayer.push({event: 'event_gtm',category:'acciones usuario', action:'a�adir producto a lista'});">Añadir a mi lista</a>                                </div>                    <a class="article_link" title="Ver ficha de PASTA CONDIS FIDEO CAZUELA N 4 500 G" href="/PASTA-CONDIS-FIDEO-CAZUELA-N-4-500-G_121148_prd_es_ES.jsp" onclick="javascript:callingTaggingEnpoints('')" itemprop="url"></a>                <div class="hover_container">            <div class="hover">                <div class="info_symbol"></div>            </div>        </div>                    </article>            </li>                    <li class="article" itemprop="itemListElement" itemscope="" itemtype="http://schema.org/Product">                    <article class="article_container" id="item_description_122048">            <a class="article_name" title="Ver ficha de TORTELLINI GALLO CARNE 500 G" href="/TORTELLINI-GALLO-CARNE-500-G_122048_prd_es_ES.jsp" itemprop="url"><span itemprop="name" id="description_text">TORTELLINI GALLO CARNE 500 G</span></a>            <!--informacion de gluten y calorias -->        <div class="info_container">                                                            <img class="info_icon" alt="10% Descuento para suscriptores Condisline Prime" src="//static.condisline.com/resize_39x39/images/product_icons/icon_subscription.png" width="39" height="39">                                            <a class="info" title="10% Descuento para suscriptores Condisline Prime" href="javascript:void(0);">                            <span class="info_text">10% Descuento para suscriptores Condisline Prime</span>                        </a>                                                        </div>        <img class="article_image" alt="TORTELLINI GALLO CARNE 500 G" data-original="//static.condisline.com/resize_190x200/images/catalog/large/122048.jpg" src="//static.condisline.com/resize_190x200/images/catalog/large/122048.jpg" width="190" height="200" style="display: block;">        <meta itemprop="image" content="//static.condisline.com/resize_190x200/images/catalog/large/122048.jpg">        <div class="article_price_container" itemprop="offers" itemscope="" itemtype="http://schema.org/Offer">            <!-- Price -->                                            <span class="article_price" itemprop="price"><span id="list_price_122048">3,65</span></span>                <span class="currency">€</span>                <script>                    formatNumber('3.65', 'list_price_122048');                </script>                        <meta itemprop="priceCurrency" content="EUR">            <div class="unit_container">                                    <a class="substract_button" title="Menos" href="javascript:void(0);">-</a>                                <label class="quantity_container">                                                                        <input class="input_quantity_product" id="item_quantity_122048" type="number" data-product="122048" value="" min="1" max="999" required="" autocomplete="off">                                                            </label>                                    <a class="add_button" title="Más" href="javascript:void(0);">+</a>                    <a class="added_tick" title="Cambiar unidades" href="javascript:void(0);"></a>                            </div>                                                <div class="article_pum">                        <span>      7,30€/Kilo</span>                    </div>                                                                            <a data-product-id="122048" class="orange_button btn_add2cart" title="Añadir al carrito" onclick="dataLayer.push({event: 'event_gtm',category:'acciones usuario', action:'a�adir producto desde listado'})" href="javascript:addToCartFromItemList('122048')">AÑADIR AL CARRITO &gt;</a>                                        <span class="added_button">En carrito</span>                                    <a class="white_button" title="Añadir a mi lista" href="javascript:addToListFromItemList('122048')" onclick="dataLayer.push({event: 'event_gtm',category:'acciones usuario', action:'a�adir producto a lista'});">Añadir a mi lista</a>                                </div>                    <a class="article_link" title="Ver ficha de TORTELLINI GALLO CARNE 500 G" href="/TORTELLINI-GALLO-CARNE-500-G_122048_prd_es_ES.jsp" onclick="javascript:callingTaggingEnpoints('')" itemprop="url"></a>                <div class="hover_container">            <div class="hover">                <div class="info_symbol"></div>            </div>        </div>                    </article>            </li>                    <li class="article" itemprop="itemListElement" itemscope="" itemtype="http://schema.org/Product">                    <article class="article_container" id="item_description_121673">            <a class="article_name" title="Ver ficha de RIGATONI LA MOLISANA  500 G" href="/RIGATONI-LA-MOLISANA-500-G_121673_prd_es_ES.jsp" itemprop="url"><span itemprop="name" id="description_text">RIGATONI LA MOLISANA  500 G</span></a>            <!--informacion de gluten y calorias -->        <div class="info_container">                            <span class="calories">353 <span>kcal</span></span>                <a class="info" title="Producto con 353 kilocalorías" href="javascript:void(0);">                    <span class="info_text">Producto con 353 kilocalorías.</span>                </a>                                                            <img class="info_icon" alt="10% Descuento para suscriptores Condisline Prime" src="//static.condisline.com/resize_39x39/images/product_icons/icon_subscription.png" width="39" height="39">                                            <a class="info" title="10% Descuento para suscriptores Condisline Prime" href="javascript:void(0);">                            <span class="info_text">10% Descuento para suscriptores Condisline Prime</span>                        </a>                                                        </div>        <img class="article_image" alt="RIGATONI LA MOLISANA  500 G" data-original="//static.condisline.com/resize_190x200/images/catalog/large/121673.jpg" src="//static.condisline.com/resize_190x200/images/catalog/large/121673.jpg" width="190" height="200" style="display: block;">        <meta itemprop="image" content="//static.condisline.com/resize_190x200/images/catalog/large/121673.jpg">        <div class="article_price_container" itemprop="offers" itemscope="" itemtype="http://schema.org/Offer">            <!-- Price -->                                            <span class="article_price" itemprop="price"><span id="list_price_121673">1,79</span></span>                <span class="currency">€</span>                <script>                    formatNumber('1.79', 'list_price_121673');                </script>                        <meta itemprop="priceCurrency" content="EUR">            <div class="unit_container">                                    <a class="substract_button" title="Menos" href="javascript:void(0);">-</a>                                <label class="quantity_container">                                                                        <input class="input_quantity_product" id="item_quantity_121673" type="number" data-product="121673" value="" min="1" max="999" required="" autocomplete="off">                                                            </label>                                    <a class="add_button" title="Más" href="javascript:void(0);">+</a>                    <a class="added_tick" title="Cambiar unidades" href="javascript:void(0);"></a>                            </div>                                                <div class="article_pum">                        <span>      3,58€/Kilo</span>                    </div>                                                                            <a data-product-id="121673" class="orange_button btn_add2cart" title="Añadir al carrito" onclick="dataLayer.push({event: 'event_gtm',category:'acciones usuario', action:'a�adir producto desde listado'})" href="javascript:addToCartFromItemList('121673')">AÑADIR AL CARRITO &gt;</a>                                        <span class="added_button">En carrito</span>                                    <a class="white_button" title="Añadir a mi lista" href="javascript:addToListFromItemList('121673')" onclick="dataLayer.push({event: 'event_gtm',category:'acciones usuario', action:'a�adir producto a lista'});">Añadir a mi lista</a>                                </div>                    <a class="article_link" title="Ver ficha de RIGATONI LA MOLISANA  500 G" href="/RIGATONI-LA-MOLISANA-500-G_121673_prd_es_ES.jsp" onclick="javascript:callingTaggingEnpoints('')" itemprop="url"></a>                <div class="hover_container">            <div class="hover">                <div class="info_symbol"></div>            </div>        </div>                    </article>            </li>                    <li class="article" itemprop="itemListElement" itemscope="" itemtype="http://schema.org/Product">                    <article class="article_container" id="item_description_103062">            <a class="article_name" title="Ver ficha de VASITOS NOMEN INTEGRAL 2X 200 G" href="/VASITOS-NOMEN-INTEGRAL-2X-200-G_103062_prd_es_ES.jsp" itemprop="url"><span itemprop="name" id="description_text">VASITOS NOMEN INTEGRAL 2X 200 G</span></a>            <!--informacion de gluten y calorias -->        <div class="info_container">                                                            <img class="info_icon" alt="10% Descuento para suscriptores Condisline Prime" src="//static.condisline.com/resize_39x39/images/product_icons/icon_subscription.png" width="39" height="39">                                            <a class="info" title="10% Descuento para suscriptores Condisline Prime" href="javascript:void(0);">                            <span class="info_text">10% Descuento para suscriptores Condisline Prime</span>                        </a>                                                        </div>        <img class="article_image" alt="VASITOS NOMEN INTEGRAL 2X 200 G" data-original="//static.condisline.com/resize_190x200/images/catalog/large/103062.jpg" src="//static.condisline.com/resize_190x200/images/catalog/large/103062.jpg" width="190" height="200" style="display: block;">        <meta itemprop="image" content="//static.condisline.com/resize_190x200/images/catalog/large/103062.jpg">        <div class="article_price_container" itemprop="offers" itemscope="" itemtype="http://schema.org/Offer">            <!-- Price -->                                            <span class="article_price" itemprop="price"><span id="list_price_103062">2,65</span></span>                <span class="currency">€</span>                <script>                    formatNumber('2.65', 'list_price_103062');                </script>                        <meta itemprop="priceCurrency" content="EUR">            <div class="unit_container">                                    <a class="substract_button" title="Menos" href="javascript:void(0);">-</a>                                <label class="quantity_container">                                                                        <input class="input_quantity_product" id="item_quantity_103062" type="number" data-product="103062" value="" min="1" max="999" required="" autocomplete="off">                                                            </label>                                    <a class="add_button" title="Más" href="javascript:void(0);">+</a>                    <a class="added_tick" title="Cambiar unidades" href="javascript:void(0);"></a>                            </div>                                                <div class="article_pum">                        <span>      6,63€/Kilo</span>                    </div>                                                                            <a data-product-id="103062" class="orange_button btn_add2cart" title="Añadir al carrito" onclick="dataLayer.push({event: 'event_gtm',category:'acciones usuario', action:'a�adir producto desde listado'})" href="javascript:addToCartFromItemList('103062')">AÑADIR AL CARRITO &gt;</a>                                        <span class="added_button">En carrito</span>                                    <a class="white_button" title="Añadir a mi lista" href="javascript:addToListFromItemList('103062')" onclick="dataLayer.push({event: 'event_gtm',category:'acciones usuario', action:'a�adir producto a lista'});">Añadir a mi lista</a>                                </div>                    <a class="article_link" title="Ver ficha de VASITOS NOMEN INTEGRAL 2X 200 G" href="/VASITOS-NOMEN-INTEGRAL-2X-200-G_103062_prd_es_ES.jsp" onclick="javascript:callingTaggingEnpoints('')" itemprop="url"></a>                <div class="hover_container">            <div class="hover">                <div class="info_symbol"></div>            </div>        </div>                    </article>            </li>                    <li class="article" itemprop="itemListElement" itemscope="" itemtype="http://schema.org/Product">                    <article class="article_container" id="item_description_103024">            <a class="article_name" title="Ver ficha de ARROZ BRILLANTE SABROZ 1 KG" href="/ARROZ-BRILLANTE-SABROZ-1-KG_103024_prd_es_ES.jsp" itemprop="url"><span itemprop="name" id="description_text">ARROZ BRILLANTE SABROZ 1 KG</span></a>            <!--informacion de gluten y calorias -->        <div class="info_container">                            <span class="calories">351 <span>kcal</span></span>                <a class="info" title="Producto con 351 kilocalorías" href="javascript:void(0);">                    <span class="info_text">Producto con 351 kilocalorías.</span>                </a>                                                            <img class="info_icon" alt="10% Descuento para suscriptores Condisline Prime" src="//static.condisline.com/resize_39x39/images/product_icons/icon_subscription.png" width="39" height="39">                                            <a class="info" title="10% Descuento para suscriptores Condisline Prime" href="javascript:void(0);">                            <span class="info_text">10% Descuento para suscriptores Condisline Prime</span>                        </a>                                                        </div>        <img class="article_image" alt="ARROZ BRILLANTE SABROZ 1 KG" data-original="//static.condisline.com/resize_190x200/images/catalog/large/103024.jpg" src="//static.condisline.com/resize_190x200/images/catalog/large/103024.jpg" width="190" height="200" style="display: block;">        <meta itemprop="image" content="//static.condisline.com/resize_190x200/images/catalog/large/103024.jpg">        <div class="article_price_container" itemprop="offers" itemscope="" itemtype="http://schema.org/Offer">            <!-- Price -->                                            <span class="article_price" itemprop="price"><span id="list_price_103024">2,79</span></span>                <span class="currency">€</span>                <script>                    formatNumber('2.79', 'list_price_103024');                </script>                        <meta itemprop="priceCurrency" content="EUR">            <div class="unit_container">                                    <a class="substract_button" title="Menos" href="javascript:void(0);">-</a>                                <label class="quantity_container">                                                                        <input class="input_quantity_product" id="item_quantity_103024" type="number" data-product="103024" value="" min="1" max="999" required="" autocomplete="off">                                                            </label>                                    <a class="add_button" title="Más" href="javascript:void(0);">+</a>                    <a class="added_tick" title="Cambiar unidades" href="javascript:void(0);"></a>                            </div>                                                <div class="article_pum">                        <span>      2,79€/Kilo</span>                    </div>                                                                            <a data-product-id="103024" class="orange_button btn_add2cart" title="Añadir al carrito" onclick="dataLayer.push({event: 'event_gtm',category:'acciones usuario', action:'a�adir producto desde listado'})" href="javascript:addToCartFromItemList('103024')">AÑADIR AL CARRITO &gt;</a>                                        <span class="added_button">En carrito</span>                                    <a class="white_button" title="Añadir a mi lista" href="javascript:addToListFromItemList('103024')" onclick="dataLayer.push({event: 'event_gtm',category:'acciones usuario', action:'a�adir producto a lista'});">Añadir a mi lista</a>                                </div>                    <a class="article_link" title="Ver ficha de ARROZ BRILLANTE SABROZ 1 KG" href="/ARROZ-BRILLANTE-SABROZ-1-KG_103024_prd_es_ES.jsp" onclick="javascript:callingTaggingEnpoints('')" itemprop="url"></a>                <div class="hover_container">            <div class="hover">                <div class="info_symbol"></div>            </div>        </div>                    </article>            </li>                    <li class="article" itemprop="itemListElement" itemscope="" itemtype="http://schema.org/Product">                    <article class="article_container" id="item_description_121719">            <a class="article_name" title="Ver ficha de SPAGHETTI GALLO PASTA FINA TOMATE Y ESPINACAS 400GR" href="/SPAGHETTI-GALLO-PASTA-FINA-TOMATE-Y-ESPINACAS-400GR_121719_prd_es_ES.jsp" itemprop="url"><span itemprop="name" id="description_text">SPAGHETTI GALLO PASTA FINA TOMATE Y ESPINACAS 400GR</span></a>            <!--informacion de gluten y calorias -->        <div class="info_container">                            <span class="calories">344 <span>kcal</span></span>                <a class="info" title="Producto con 344 kilocalorías" href="javascript:void(0);">                    <span class="info_text">Producto con 344 kilocalorías.</span>                </a>                                                            <img class="info_icon" alt="10% Descuento para suscriptores Condisline Prime" src="//static.condisline.com/resize_39x39/images/product_icons/icon_subscription.png" width="39" height="39">                                            <a class="info" title="10% Descuento para suscriptores Condisline Prime" href="javascript:void(0);">                            <span class="info_text">10% Descuento para suscriptores Condisline Prime</span>                        </a>                                                        </div>        <img class="article_image" alt="SPAGHETTI GALLO PASTA FINA TOMATE Y ESPINACAS 400GR" data-original="//static.condisline.com/resize_190x200/images/catalog/large/121719.jpg" src="//static.condisline.com/resize_190x200/images/catalog/large/121719.jpg" width="190" height="200" style="display: block;">        <meta itemprop="image" content="//static.condisline.com/resize_190x200/images/catalog/large/121719.jpg">        <div class="article_price_container" itemprop="offers" itemscope="" itemtype="http://schema.org/Offer">            <!-- Price -->                                            <span class="article_price" itemprop="price"><span id="list_price_121719">1,89</span></span>                <span class="currency">€</span>                <script>                    formatNumber('1.89', 'list_price_121719');                </script>                        <meta itemprop="priceCurrency" content="EUR">            <div class="unit_container">                                    <a class="substract_button" title="Menos" href="javascript:void(0);">-</a>                                <label class="quantity_container">                                                                        <input class="input_quantity_product" id="item_quantity_121719" type="number" data-product="121719" value="" min="1" max="999" required="" autocomplete="off">                                                            </label>                                    <a class="add_button" title="Más" href="javascript:void(0);">+</a>                    <a class="added_tick" title="Cambiar unidades" href="javascript:void(0);"></a>                            </div>                                                <div class="article_pum">                        <span>      4,73€/Kilo</span>                    </div>                                                                            <a data-product-id="121719" class="orange_button btn_add2cart" title="Añadir al carrito" onclick="dataLayer.push({event: 'event_gtm',category:'acciones usuario', action:'a�adir producto desde listado'})" href="javascript:addToCartFromItemList('121719')">AÑADIR AL CARRITO &gt;</a>                                        <span class="added_button">En carrito</span>                                    <a class="white_button" title="Añadir a mi lista" href="javascript:addToListFromItemList('121719')" onclick="dataLayer.push({event: 'event_gtm',category:'acciones usuario', action:'a�adir producto a lista'});">Añadir a mi lista</a>                                </div>                    <a class="article_link" title="Ver ficha de SPAGHETTI GALLO PASTA FINA TOMATE Y ESPINACAS 400GR" href="/SPAGHETTI-GALLO-PASTA-FINA-TOMATE-Y-ESPINACAS-400GR_121719_prd_es_ES.jsp" onclick="javascript:callingTaggingEnpoints('')" itemprop="url"></a>                <div class="hover_container">            <div class="hover">                <div class="info_symbol"></div>            </div>        </div>                    </article>            </li>                    <li class="article" itemprop="itemListElement" itemscope="" itemtype="http://schema.org/Product">                    <article class="article_container" id="item_description_118021">            <a class="article_name" title="Ver ficha de SPAGHETTINI GALLO AL HUEVO 450 G" href="/SPAGHETTINI-GALLO-AL-HUEVO-450-G_118021_prd_es_ES.jsp" itemprop="url"><span itemprop="name" id="description_text">SPAGHETTINI GALLO AL HUEVO 450 G</span></a>            <!--informacion de gluten y calorias -->        <div class="info_container">                            <span class="calories">350 <span>kcal</span></span>                <a class="info" title="Producto con 350 kilocalorías" href="javascript:void(0);">                    <span class="info_text">Producto con 350 kilocalorías.</span>                </a>                                                            <img class="info_icon" alt="10% Descuento para suscriptores Condisline Prime" src="//static.condisline.com/resize_39x39/images/product_icons/icon_subscription.png" width="39" height="39">                                            <a class="info" title="10% Descuento para suscriptores Condisline Prime" href="javascript:void(0);">                            <span class="info_text">10% Descuento para suscriptores Condisline Prime</span>                        </a>                                                        </div>        <img class="article_image" alt="SPAGHETTINI GALLO AL HUEVO 450 G" data-original="//static.condisline.com/resize_190x200/images/catalog/large/118021.jpg" src="//static.condisline.com/resize_190x200/images/catalog/large/118021.jpg" width="190" height="200" style="display: block;">        <meta itemprop="image" content="//static.condisline.com/resize_190x200/images/catalog/large/118021.jpg">        <div class="article_price_container" itemprop="offers" itemscope="" itemtype="http://schema.org/Offer">            <!-- Price -->                                            <span class="article_price" itemprop="price"><span id="list_price_118021">1,75</span></span>                <span class="currency">€</span>                <script>                    formatNumber('1.75', 'list_price_118021');                </script>                        <meta itemprop="priceCurrency" content="EUR">            <div class="unit_container">                                    <a class="substract_button" title="Menos" href="javascript:void(0);">-</a>                                <label class="quantity_container">                                                                        <input class="input_quantity_product" id="item_quantity_118021" type="number" data-product="118021" value="" min="1" max="999" required="" autocomplete="off">                                                            </label>                                    <a class="add_button" title="Más" href="javascript:void(0);">+</a>                    <a class="added_tick" title="Cambiar unidades" href="javascript:void(0);"></a>                            </div>                                                <div class="article_pum">                        <span>      3,89€/Kilo</span>                    </div>                                                                            <a data-product-id="118021" class="orange_button btn_add2cart" title="Añadir al carrito" onclick="dataLayer.push({event: 'event_gtm',category:'acciones usuario', action:'a�adir producto desde listado'})" href="javascript:addToCartFromItemList('118021')">AÑADIR AL CARRITO &gt;</a>                                        <span class="added_button">En carrito</span>                                    <a class="white_button" title="Añadir a mi lista" href="javascript:addToListFromItemList('118021')" onclick="dataLayer.push({event: 'event_gtm',category:'acciones usuario', action:'a�adir producto a lista'});">Añadir a mi lista</a>                                </div>                    <a class="article_link" title="Ver ficha de SPAGHETTINI GALLO AL HUEVO 450 G" href="/SPAGHETTINI-GALLO-AL-HUEVO-450-G_118021_prd_es_ES.jsp" onclick="javascript:callingTaggingEnpoints('')" itemprop="url"></a>                <div class="hover_container">            <div class="hover">                <div class="info_symbol"></div>            </div>        </div>                    </article>            </li>                    <li class="article" itemprop="itemListElement" itemscope="" itemtype="http://schema.org/Product">                    <article class="article_container" id="item_description_211499">            <a class="article_name" title="Ver ficha de ARROZ LARGO BRILLANTE FORMATO XL 2 X 200 G" href="/ARROZ-LARGO-BRILLANTE-FORMATO-XL-2-X-200-G_211499_prd_es_ES.jsp" itemprop="url"><span itemprop="name" id="description_text">ARROZ LARGO BRILLANTE FORMATO XL 2 X 200 G</span></a>            <!--informacion de gluten y calorias -->        <div class="info_container">                            <span class="calories">162 <span>kcal</span></span>                <a class="info" title="Producto con 162 kilocalorías" href="javascript:void(0);">                    <span class="info_text">Producto con 162 kilocalorías.</span>                </a>                                                            <img class="info_icon" alt="10% Descuento para suscriptores Condisline Prime" src="//static.condisline.com/resize_39x39/images/product_icons/icon_subscription.png" width="39" height="39">                                            <a class="info" title="10% Descuento para suscriptores Condisline Prime" href="javascript:void(0);">                            <span class="info_text">10% Descuento para suscriptores Condisline Prime</span>                        </a>                                                        <img class="info_icon" alt="Producto sin gluten" src="//static.condisline.com/resize_39x39/images/product_icons/no_gluten.png" width="39" height="39">                                            <a class="info" title="Producto sin gluten" href="javascript:void(0);">                            <span class="info_text">Producto sin gluten</span>                        </a>                                                        </div>        <img class="article_image" alt="ARROZ LARGO BRILLANTE FORMATO XL 2 X 200 G" data-original="//static.condisline.com/resize_190x200/images/catalog/large/211499.jpg" src="//static.condisline.com/resize_190x200/images/catalog/large/211499.jpg" width="190" height="200" style="display: block;">        <meta itemprop="image" content="//static.condisline.com/resize_190x200/images/catalog/large/211499.jpg">        <div class="article_price_container" itemprop="offers" itemscope="" itemtype="http://schema.org/Offer">            <!-- Price -->                                            <span class="article_price" itemprop="price"><span id="list_price_211499">2,15</span></span>                <span class="currency">€</span>                <script>                    formatNumber('2.15', 'list_price_211499');                </script>                        <meta itemprop="priceCurrency" content="EUR">            <div class="unit_container">                                    <a class="substract_button" title="Menos" href="javascript:void(0);">-</a>                                <label class="quantity_container">                                                                        <input class="input_quantity_product" id="item_quantity_211499" type="number" data-product="211499" value="" min="1" max="999" required="" autocomplete="off">                                                            </label>                                    <a class="add_button" title="Más" href="javascript:void(0);">+</a>                    <a class="added_tick" title="Cambiar unidades" href="javascript:void(0);"></a>                            </div>                                                <div class="article_pum">                        <span>      5,38€/Kilo</span>                    </div>                                                                            <a data-product-id="211499" class="orange_button btn_add2cart" title="Añadir al carrito" onclick="dataLayer.push({event: 'event_gtm',category:'acciones usuario', action:'a�adir producto desde listado'})" href="javascript:addToCartFromItemList('211499')">AÑADIR AL CARRITO &gt;</a>                                        <span class="added_button">En carrito</span>                                    <a class="white_button" title="Añadir a mi lista" href="javascript:addToListFromItemList('211499')" onclick="dataLayer.push({event: 'event_gtm',category:'acciones usuario', action:'a�adir producto a lista'});">Añadir a mi lista</a>                                </div>                    <a class="article_link" title="Ver ficha de ARROZ LARGO BRILLANTE FORMATO XL 2 X 200 G" href="/ARROZ-LARGO-BRILLANTE-FORMATO-XL-2-X-200-G_211499_prd_es_ES.jsp" onclick="javascript:callingTaggingEnpoints('')" itemprop="url"></a>                <div class="hover_container">            <div class="hover">                <div class="info_symbol"></div>            </div>        </div>                    </article>            </li>                    <li class="article" itemprop="itemListElement" itemscope="" itemtype="http://schema.org/Product">                    <article class="article_container" id="item_description_125332">            <a class="article_name" title="Ver ficha de HÉLICES GALLO VEGETALES SIN GLUTEN 450 G" href="/HELICES-GALLO-VEGETALES-SIN-GLUTEN-450-G_125332_prd_es_ES.jsp" itemprop="url"><span itemprop="name" id="description_text">HÉLICES GALLO VEGETALES SIN GLUTEN 450 G</span></a>            <!--informacion de gluten y calorias -->        <div class="info_container">                            <span class="calories">366 <span>kcal</span></span>                <a class="info" title="Producto con 366 kilocalorías" href="javascript:void(0);">                    <span class="info_text">Producto con 366 kilocalorías.</span>                </a>                                                            <img class="info_icon" alt="10% Descuento para suscriptores Condisline Prime" src="//static.condisline.com/resize_39x39/images/product_icons/icon_subscription.png" width="39" height="39">                                            <a class="info" title="10% Descuento para suscriptores Condisline Prime" href="javascript:void(0);">                            <span class="info_text">10% Descuento para suscriptores Condisline Prime</span>                        </a>                                                        <img class="info_icon" alt="Producto sin gluten" src="//static.condisline.com/resize_39x39/images/product_icons/no_gluten.png" width="39" height="39">                                            <a class="info" title="Producto sin gluten" href="javascript:void(0);">                            <span class="info_text">Producto sin gluten</span>                        </a>                                                        </div>        <img class="article_image" alt="HÉLICES GALLO VEGETALES SIN GLUTEN 450 G" data-original="//static.condisline.com/resize_190x200/images/catalog/large/125332.jpg" src="//static.condisline.com/resize_190x200/images/catalog/large/125332.jpg" width="190" height="200" style="display: block;">        <meta itemprop="image" content="//static.condisline.com/resize_190x200/images/catalog/large/125332.jpg">        <div class="article_price_container" itemprop="offers" itemscope="" itemtype="http://schema.org/Offer">            <!-- Price -->                                            <span class="article_price" itemprop="price"><span id="list_price_125332">2,49</span></span>                <span class="currency">€</span>                <script>                    formatNumber('2.49', 'list_price_125332');                </script>                        <meta itemprop="priceCurrency" content="EUR">            <div class="unit_container">                                    <a class="substract_button" title="Menos" href="javascript:void(0);">-</a>                                <label class="quantity_container">                                                                        <input class="input_quantity_product" id="item_quantity_125332" type="number" data-product="125332" value="" min="1" max="999" required="" autocomplete="off">                                                            </label>                                    <a class="add_button" title="Más" href="javascript:void(0);">+</a>                    <a class="added_tick" title="Cambiar unidades" href="javascript:void(0);"></a>                            </div>                                                <div class="article_pum">                        <span>      5,53€/Kilo</span>                    </div>                                                                            <a data-product-id="125332" class="orange_button btn_add2cart" title="Añadir al carrito" onclick="dataLayer.push({event: 'event_gtm',category:'acciones usuario', action:'a�adir producto desde listado'})" href="javascript:addToCartFromItemList('125332')">AÑADIR AL CARRITO &gt;</a>                                        <span class="added_button">En carrito</span>                                    <a class="white_button" title="Añadir a mi lista" href="javascript:addToListFromItemList('125332')" onclick="dataLayer.push({event: 'event_gtm',category:'acciones usuario', action:'a�adir producto a lista'});">Añadir a mi lista</a>                                </div>                    <a class="article_link" title="Ver ficha de HÉLICES GALLO VEGETALES SIN GLUTEN 450 G" href="/HELICES-GALLO-VEGETALES-SIN-GLUTEN-450-G_125332_prd_es_ES.jsp" onclick="javascript:callingTaggingEnpoints('')" itemprop="url"></a>                <div class="hover_container">            <div class="hover">                <div class="info_symbol"></div>            </div>        </div>                    </article>            </li>                    <li class="article" itemprop="itemListElement" itemscope="" itemtype="http://schema.org/Product">                    <article class="article_container" id="item_description_118019">            <a class="article_name" title="Ver ficha de PASTA GALLO HUEVO MACHERONI 450 G" href="/PASTA-GALLO-HUEVO-MACHERONI-450-G_118019_prd_es_ES.jsp" itemprop="url"><span itemprop="name" id="description_text">PASTA GALLO HUEVO MACHERONI 450 G</span></a>            <!--informacion de gluten y calorias -->        <div class="info_container">                            <span class="calories">350 <span>kcal</span></span>                <a class="info" title="Producto con 350 kilocalorías" href="javascript:void(0);">                    <span class="info_text">Producto con 350 kilocalorías.</span>                </a>                                                            <img class="info_icon" alt="10% Descuento para suscriptores Condisline Prime" src="//static.condisline.com/resize_39x39/images/product_icons/icon_subscription.png" width="39" height="39">                                            <a class="info" title="10% Descuento para suscriptores Condisline Prime" href="javascript:void(0);">                            <span class="info_text">10% Descuento para suscriptores Condisline Prime</span>                        </a>                                                        </div>        <img class="article_image" alt="PASTA GALLO HUEVO MACHERONI 450 G" data-original="//static.condisline.com/resize_190x200/images/catalog/large/118019.jpg" src="//static.condisline.com/resize_190x200/images/catalog/large/118019.jpg" width="190" height="200" style="display: block;">        <meta itemprop="image" content="//static.condisline.com/resize_190x200/images/catalog/large/118019.jpg">        <div class="article_price_container" itemprop="offers" itemscope="" itemtype="http://schema.org/Offer">            <!-- Price -->                                            <span class="article_price" itemprop="price"><span id="list_price_118019">1,75</span></span>                <span class="currency">€</span>                <script>                    formatNumber('1.75', 'list_price_118019');                </script>                        <meta itemprop="priceCurrency" content="EUR">            <div class="unit_container">                                    <a class="substract_button" title="Menos" href="javascript:void(0);">-</a>                                <label class="quantity_container">                                                                        <input class="input_quantity_product" id="item_quantity_118019" type="number" data-product="118019" value="" min="1" max="999" required="" autocomplete="off">                                                            </label>                                    <a class="add_button" title="Más" href="javascript:void(0);">+</a>                    <a class="added_tick" title="Cambiar unidades" href="javascript:void(0);"></a>                            </div>                                                <div class="article_pum">                        <span>      3,89€/Kilo</span>                    </div>                                                                            <a data-product-id="118019" class="orange_button btn_add2cart" title="Añadir al carrito" onclick="dataLayer.push({event: 'event_gtm',category:'acciones usuario', action:'a�adir producto desde listado'})" href="javascript:addToCartFromItemList('118019')">AÑADIR AL CARRITO &gt;</a>                                        <span class="added_button">En carrito</span>                                    <a class="white_button" title="Añadir a mi lista" href="javascript:addToListFromItemList('118019')" onclick="dataLayer.push({event: 'event_gtm',category:'acciones usuario', action:'a�adir producto a lista'});">Añadir a mi lista</a>                                </div>                    <a class="article_link" title="Ver ficha de PASTA GALLO HUEVO MACHERONI 450 G" href="/PASTA-GALLO-HUEVO-MACHERONI-450-G_118019_prd_es_ES.jsp" onclick="javascript:callingTaggingEnpoints('')" itemprop="url"></a>                <div class="hover_container">            <div class="hover">                <div class="info_symbol"></div>            </div>        </div>                    </article>            </li>                    <li class="article" itemprop="itemListElement" itemscope="" itemtype="http://schema.org/Product">                    <article class="article_container" id="item_description_121021">            <a class="article_name" title="Ver ficha de PASTA GALLO FIDEOS PERLA 250 G" href="/PASTA-GALLO-FIDEOS-PERLA-250-G_121021_prd_es_ES.jsp" itemprop="url"><span itemprop="name" id="description_text">PASTA GALLO FIDEOS PERLA 250 G</span></a>            <!--informacion de gluten y calorias -->        <div class="info_container">                            <span class="calories">344 <span>kcal</span></span>                <a class="info" title="Producto con 344 kilocalorías" href="javascript:void(0);">                    <span class="info_text">Producto con 344 kilocalorías.</span>                </a>                                                            <img class="info_icon" alt="10% Descuento para suscriptores Condisline Prime" src="//static.condisline.com/resize_39x39/images/product_icons/icon_subscription.png" width="39" height="39">                                            <a class="info" title="10% Descuento para suscriptores Condisline Prime" href="javascript:void(0);">                            <span class="info_text">10% Descuento para suscriptores Condisline Prime</span>                        </a>                                                        </div>        <img class="article_image" alt="PASTA GALLO FIDEOS PERLA 250 G" data-original="//static.condisline.com/resize_190x200/images/catalog/large/121021.jpg" src="//static.condisline.com/resize_190x200/images/catalog/large/121021.jpg" width="190" height="200" style="display: block;">        <meta itemprop="image" content="//static.condisline.com/resize_190x200/images/catalog/large/121021.jpg">        <div class="article_price_container" itemprop="offers" itemscope="" itemtype="http://schema.org/Offer">            <!-- Price -->                                            <span class="article_price" itemprop="price"><span id="list_price_121021">0,89</span></span>                <span class="currency">€</span>                <script>                    formatNumber('0.89', 'list_price_121021');                </script>                        <meta itemprop="priceCurrency" content="EUR">            <div class="unit_container">                                    <a class="substract_button" title="Menos" href="javascript:void(0);">-</a>                                <label class="quantity_container">                                                                        <input class="input_quantity_product" id="item_quantity_121021" type="number" data-product="121021" value="" min="1" max="999" required="" autocomplete="off">                                                            </label>                                    <a class="add_button" title="Más" href="javascript:void(0);">+</a>                    <a class="added_tick" title="Cambiar unidades" href="javascript:void(0);"></a>                            </div>                                                <div class="article_pum">                        <span>      3,56€/Kilo</span>                    </div>                                                                            <a data-product-id="121021" class="orange_button btn_add2cart" title="Añadir al carrito" onclick="dataLayer.push({event: 'event_gtm',category:'acciones usuario', action:'a�adir producto desde listado'})" href="javascript:addToCartFromItemList('121021')">AÑADIR AL CARRITO &gt;</a>                                        <span class="added_button">En carrito</span>                                    <a class="white_button" title="Añadir a mi lista" href="javascript:addToListFromItemList('121021')" onclick="dataLayer.push({event: 'event_gtm',category:'acciones usuario', action:'a�adir producto a lista'});">Añadir a mi lista</a>                                </div>                    <a class="article_link" title="Ver ficha de PASTA GALLO FIDEOS PERLA 250 G" href="/PASTA-GALLO-FIDEOS-PERLA-250-G_121021_prd_es_ES.jsp" onclick="javascript:callingTaggingEnpoints('')" itemprop="url"></a>                <div class="hover_container">            <div class="hover">                <div class="info_symbol"></div>            </div>        </div>                    </article>            </li>                    <li class="article" itemprop="itemListElement" itemscope="" itemtype="http://schema.org/Product">                    <article class="article_container" id="item_description_121690">            <a class="article_name" title="Ver ficha de SPAGHETTI GALLO SIN GLUTEN 450 G" href="/SPAGHETTI-GALLO-SIN-GLUTEN-450-G_121690_prd_es_ES.jsp" itemprop="url"><span itemprop="name" id="description_text">SPAGHETTI GALLO SIN GLUTEN 450 G</span></a>            <!--informacion de gluten y calorias -->        <div class="info_container">                            <span class="calories">361 <span>kcal</span></span>                <a class="info" title="Producto con 361 kilocalorías" href="javascript:void(0);">                    <span class="info_text">Producto con 361 kilocalorías.</span>                </a>                                                            <img class="info_icon" alt="10% Descuento para suscriptores Condisline Prime" src="//static.condisline.com/resize_39x39/images/product_icons/icon_subscription.png" width="39" height="39">                                            <a class="info" title="10% Descuento para suscriptores Condisline Prime" href="javascript:void(0);">                            <span class="info_text">10% Descuento para suscriptores Condisline Prime</span>                        </a>                                                        <img class="info_icon" alt="Producto sin gluten" src="//static.condisline.com/resize_39x39/images/product_icons/no_gluten.png" width="39" height="39">                                            <a class="info" title="Producto sin gluten" href="javascript:void(0);">                            <span class="info_text">Producto sin gluten</span>                        </a>                                                        </div>        <img class="article_image" alt="SPAGHETTI GALLO SIN GLUTEN 450 G" data-original="//static.condisline.com/resize_190x200/images/catalog/large/121690.jpg" src="//static.condisline.com/resize_190x200/images/catalog/large/121690.jpg" width="190" height="200" style="display: block;">        <meta itemprop="image" content="//static.condisline.com/resize_190x200/images/catalog/large/121690.jpg">        <div class="article_price_container" itemprop="offers" itemscope="" itemtype="http://schema.org/Offer">            <!-- Price -->                                            <span class="article_price" itemprop="price"><span id="list_price_121690">2,49</span></span>                <span class="currency">€</span>                <script>                    formatNumber('2.49', 'list_price_121690');                </script>                        <meta itemprop="priceCurrency" content="EUR">            <div class="unit_container">                                    <a class="substract_button" title="Menos" href="javascript:void(0);">-</a>                                <label class="quantity_container">                                                                        <input class="input_quantity_product" id="item_quantity_121690" type="number" data-product="121690" value="" min="1" max="999" required="" autocomplete="off">                                                            </label>                                    <a class="add_button" title="Más" href="javascript:void(0);">+</a>                    <a class="added_tick" title="Cambiar unidades" href="javascript:void(0);"></a>                            </div>                                                <div class="article_pum">                        <span>      5,53€/Kilo</span>                    </div>                                                                            <a data-product-id="121690" class="orange_button btn_add2cart" title="Añadir al carrito" onclick="dataLayer.push({event: 'event_gtm',category:'acciones usuario', action:'a�adir producto desde listado'})" href="javascript:addToCartFromItemList('121690')">AÑADIR AL CARRITO &gt;</a>                                        <span class="added_button">En carrito</span>                                    <a class="white_button" title="Añadir a mi lista" href="javascript:addToListFromItemList('121690')" onclick="dataLayer.push({event: 'event_gtm',category:'acciones usuario', action:'a�adir producto a lista'});">Añadir a mi lista</a>                                </div>                    <a class="article_link" title="Ver ficha de SPAGHETTI GALLO SIN GLUTEN 450 G" href="/SPAGHETTI-GALLO-SIN-GLUTEN-450-G_121690_prd_es_ES.jsp" onclick="javascript:callingTaggingEnpoints('')" itemprop="url"></a>                <div class="hover_container">            <div class="hover">                <div class="info_symbol"></div>            </div>        </div>                    </article>            </li>                    <li class="article" itemprop="itemListElement" itemscope="" itemtype="http://schema.org/Product">                    <article class="article_container" id="item_description_121439">            <a class="article_name" title="Ver ficha de PASTA CONDIS VEGETAL MACARRONE 500 G" href="/PASTA-CONDIS-VEGETAL-MACARRONE-500-G_121439_prd_es_ES.jsp" itemprop="url"><span itemprop="name" id="description_text">PASTA CONDIS VEGETAL MACARRONE 500 G</span></a>            <!--informacion de gluten y calorias -->        <div class="info_container">                            <span class="calories">344 <span>kcal</span></span>                <a class="info" title="Producto con 344 kilocalorías" href="javascript:void(0);">                    <span class="info_text">Producto con 344 kilocalorías.</span>                </a>                                                            <img class="info_icon" alt="10% Descuento para suscriptores Condisline Prime" src="//static.condisline.com/resize_39x39/images/product_icons/icon_subscription.png" width="39" height="39">                                            <a class="info" title="10% Descuento para suscriptores Condisline Prime" href="javascript:void(0);">                            <span class="info_text">10% Descuento para suscriptores Condisline Prime</span>                        </a>                                                        <img class="info_icon" alt="Marca propia" src="//static.condisline.com/resize_39x39/images/product_icons/marca_propia.png" width="39" height="39">                                            <a class="info" title="Marca propia" href="javascript:void(0);">                            <span class="info_text">Marca propia</span>                        </a>                                                        </div>        <img class="article_image" alt="PASTA CONDIS VEGETAL MACARRONE 500 G" data-original="//static.condisline.com/resize_190x200/images/catalog/large/121439.jpg" src="//static.condisline.com/resize_190x200/images/catalog/large/121439.jpg" width="190" height="200" style="display: block;">        <meta itemprop="image" content="//static.condisline.com/resize_190x200/images/catalog/large/121439.jpg">        <div class="article_price_container" itemprop="offers" itemscope="" itemtype="http://schema.org/Offer">            <!-- Price -->                                            <span class="article_price" itemprop="price"><span id="list_price_121439">0,99</span></span>                <span class="currency">€</span>                <script>                    formatNumber('0.99', 'list_price_121439');                </script>                        <meta itemprop="priceCurrency" content="EUR">            <div class="unit_container">                                    <a class="substract_button" title="Menos" href="javascript:void(0);">-</a>                                <label class="quantity_container">                                                                        <input class="input_quantity_product" id="item_quantity_121439" type="number" data-product="121439" value="" min="1" max="999" required="" autocomplete="off">                                                            </label>                                    <a class="add_button" title="Más" href="javascript:void(0);">+</a>                    <a class="added_tick" title="Cambiar unidades" href="javascript:void(0);"></a>                            </div>                                                <div class="article_pum">                        <span>      1,98€/Kilo</span>                    </div>                                                                            <a data-product-id="121439" class="orange_button btn_add2cart" title="Añadir al carrito" onclick="dataLayer.push({event: 'event_gtm',category:'acciones usuario', action:'a�adir producto desde listado'})" href="javascript:addToCartFromItemList('121439')">AÑADIR AL CARRITO &gt;</a>                                        <span class="added_button">En carrito</span>                                    <a class="white_button" title="Añadir a mi lista" href="javascript:addToListFromItemList('121439')" onclick="dataLayer.push({event: 'event_gtm',category:'acciones usuario', action:'a�adir producto a lista'});">Añadir a mi lista</a>                                </div>                    <a class="article_link" title="Ver ficha de PASTA CONDIS VEGETAL MACARRONE 500 G" href="/PASTA-CONDIS-VEGETAL-MACARRONE-500-G_121439_prd_es_ES.jsp" onclick="javascript:callingTaggingEnpoints('')" itemprop="url"></a>                <div class="hover_container">            <div class="hover">                <div class="info_symbol"></div>            </div>        </div>                    </article>            </li>        <!--    </ul> --><!--    <ul id="carousel_articles" class="articles_list" itemscope="" itemtype="http://schema.org/ItemList"> -->                    <li class="article" itemprop="itemListElement" itemscope="" itemtype="http://schema.org/Product">                    <article class="article_container" id="item_description_118027">            <a class="article_name" title="Ver ficha de PASTA GALLO MINI MACARRONES 450 G" href="/PASTA-GALLO-MINI-MACARRONES-450-G_118027_prd_es_ES.jsp" itemprop="url"><span itemprop="name" id="description_text">PASTA GALLO MINI MACARRONES 450 G</span></a>            <!--informacion de gluten y calorias -->        <div class="info_container">                            <span class="calories">344 <span>kcal</span></span>                <a class="info" title="Producto con 344 kilocalorías" href="javascript:void(0);">                    <span class="info_text">Producto con 344 kilocalorías.</span>                </a>                                                            <img class="info_icon" alt="10% Descuento para suscriptores Condisline Prime" src="//static.condisline.com/resize_39x39/images/product_icons/icon_subscription.png" width="39" height="39">                                            <a class="info" title="10% Descuento para suscriptores Condisline Prime" href="javascript:void(0);">                            <span class="info_text">10% Descuento para suscriptores Condisline Prime</span>                        </a>                                                        </div>        <img class="article_image" alt="PASTA GALLO MINI MACARRONES 450 G" data-original="//static.condisline.com/resize_190x200/images/catalog/large/118027.jpg" src="//static.condisline.com/resize_190x200/images/catalog/large/118027.jpg" width="190" height="200" style="display: block;">        <meta itemprop="image" content="//static.condisline.com/resize_190x200/images/catalog/large/118027.jpg">        <div class="article_price_container" itemprop="offers" itemscope="" itemtype="http://schema.org/Offer">            <!-- Price -->                                            <span class="article_price" itemprop="price"><span id="list_price_118027">1,50</span></span>                <span class="currency">€</span>                <script>                    formatNumber('1.5', 'list_price_118027');                </script>                        <meta itemprop="priceCurrency" content="EUR">            <div class="unit_container">                                    <a class="substract_button" title="Menos" href="javascript:void(0);">-</a>                                <label class="quantity_container">                                                                        <input class="input_quantity_product" id="item_quantity_118027" type="number" data-product="118027" value="" min="1" max="999" required="" autocomplete="off">                                                            </label>                                    <a class="add_button" title="Más" href="javascript:void(0);">+</a>                    <a class="added_tick" title="Cambiar unidades" href="javascript:void(0);"></a>                            </div>                                                <div class="article_pum">                        <span>      3,33€/Kilo</span>                    </div>                                                                            <a data-product-id="118027" class="orange_button btn_add2cart" title="Añadir al carrito" onclick="dataLayer.push({event: 'event_gtm',category:'acciones usuario', action:'a�adir producto desde listado'})" href="javascript:addToCartFromItemList('118027')">AÑADIR AL CARRITO &gt;</a>                                        <span class="added_button">En carrito</span>                                    <a class="white_button" title="Añadir a mi lista" href="javascript:addToListFromItemList('118027')" onclick="dataLayer.push({event: 'event_gtm',category:'acciones usuario', action:'a�adir producto a lista'});">Añadir a mi lista</a>                                </div>                    <a class="article_link" title="Ver ficha de PASTA GALLO MINI MACARRONES 450 G" href="/PASTA-GALLO-MINI-MACARRONES-450-G_118027_prd_es_ES.jsp" onclick="javascript:callingTaggingEnpoints('')" itemprop="url"></a>                <div class="hover_container">            <div class="hover">                <div class="info_symbol"></div>            </div>        </div>                    </article>            </li>                    <li class="article" itemprop="itemListElement" itemscope="" itemtype="http://schema.org/Product">                    <article class="article_container" id="item_description_121150">            <a class="article_name" title="Ver ficha de PASTA CONDIS MARAVILLA 500 G" href="/PASTA-CONDIS-MARAVILLA-500-G_121150_prd_es_ES.jsp" itemprop="url"><span itemprop="name" id="description_text">PASTA CONDIS MARAVILLA 500 G</span></a>            <!--informacion de gluten y calorias -->        <div class="info_container">                            <span class="calories">344 <span>kcal</span></span>                <a class="info" title="Producto con 344 kilocalorías" href="javascript:void(0);">                    <span class="info_text">Producto con 344 kilocalorías.</span>                </a>                                                            <img class="info_icon" alt="10% Descuento para suscriptores Condisline Prime" src="//static.condisline.com/resize_39x39/images/product_icons/icon_subscription.png" width="39" height="39">                                            <a class="info" title="10% Descuento para suscriptores Condisline Prime" href="javascript:void(0);">                            <span class="info_text">10% Descuento para suscriptores Condisline Prime</span>                        </a>                                                        <img class="info_icon" alt="Marca propia" src="//static.condisline.com/resize_39x39/images/product_icons/marca_propia.png" width="39" height="39">                                            <a class="info" title="Marca propia" href="javascript:void(0);">                            <span class="info_text">Marca propia</span>                        </a>                                                        </div>        <img class="article_image" alt="PASTA CONDIS MARAVILLA 500 G" data-original="//static.condisline.com/resize_190x200/images/catalog/large/121150.jpg" src="//static.condisline.com/resize_190x200/images/catalog/large/121150.jpg" width="190" height="200" style="display: block;">        <meta itemprop="image" content="//static.condisline.com/resize_190x200/images/catalog/large/121150.jpg">        <div class="article_price_container" itemprop="offers" itemscope="" itemtype="http://schema.org/Offer">            <!-- Price -->                                            <span class="article_price" itemprop="price"><span id="list_price_121150">0,79</span></span>                <span class="currency">€</span>                <script>                    formatNumber('0.79', 'list_price_121150');                </script>                        <meta itemprop="priceCurrency" content="EUR">            <div class="unit_container">                                    <a class="substract_button" title="Menos" href="javascript:void(0);">-</a>                                <label class="quantity_container">                                                                        <input class="input_quantity_product" id="item_quantity_121150" type="number" data-product="121150" value="" min="1" max="999" required="" autocomplete="off">                                                            </label>                                    <a class="add_button" title="Más" href="javascript:void(0);">+</a>                    <a class="added_tick" title="Cambiar unidades" href="javascript:void(0);"></a>                            </div>                                                <div class="article_pum">                        <span>      1,58€/Kilo</span>                    </div>                                                                            <a data-product-id="121150" class="orange_button btn_add2cart" title="Añadir al carrito" onclick="dataLayer.push({event: 'event_gtm',category:'acciones usuario', action:'a�adir producto desde listado'})" href="javascript:addToCartFromItemList('121150')">AÑADIR AL CARRITO &gt;</a>                                        <span class="added_button">En carrito</span>                                    <a class="white_button" title="Añadir a mi lista" href="javascript:addToListFromItemList('121150')" onclick="dataLayer.push({event: 'event_gtm',category:'acciones usuario', action:'a�adir producto a lista'});">Añadir a mi lista</a>                                </div>                    <a class="article_link" title="Ver ficha de PASTA CONDIS MARAVILLA 500 G" href="/PASTA-CONDIS-MARAVILLA-500-G_121150_prd_es_ES.jsp" onclick="javascript:callingTaggingEnpoints('')" itemprop="url"></a>                <div class="hover_container">            <div class="hover">                <div class="info_symbol"></div>            </div>        </div>                    </article>            </li>                    <li class="article" itemprop="itemListElement" itemscope="" itemtype="http://schema.org/Product">                    <article class="article_container" id="item_description_118024">            <a class="article_name" title="Ver ficha de PASTA GALLO TAGLIATA HUEVO 450 G" href="/PASTA-GALLO-TAGLIATA-HUEVO-450-G_118024_prd_es_ES.jsp" itemprop="url"><span itemprop="name" id="description_text">PASTA GALLO TAGLIATA HUEVO 450 G</span></a>            <!--informacion de gluten y calorias -->        <div class="info_container">                            <span class="calories">350 <span>kcal</span></span>                <a class="info" title="Producto con 350 kilocalorías" href="javascript:void(0);">                    <span class="info_text">Producto con 350 kilocalorías.</span>                </a>                                                            <img class="info_icon" alt="10% Descuento para suscriptores Condisline Prime" src="//static.condisline.com/resize_39x39/images/product_icons/icon_subscription.png" width="39" height="39">                                            <a class="info" title="10% Descuento para suscriptores Condisline Prime" href="javascript:void(0);">                            <span class="info_text">10% Descuento para suscriptores Condisline Prime</span>                        </a>                                                        </div>        <img class="article_image" alt="PASTA GALLO TAGLIATA HUEVO 450 G" data-original="//static.condisline.com/resize_190x200/images/catalog/large/118024.jpg" src="//static.condisline.com/resize_190x200/images/catalog/large/118024.jpg" width="190" height="200" style="display: block;">        <meta itemprop="image" content="//static.condisline.com/resize_190x200/images/catalog/large/118024.jpg">        <div class="article_price_container" itemprop="offers" itemscope="" itemtype="http://schema.org/Offer">            <!-- Price -->                                            <span class="article_price" itemprop="price"><span id="list_price_118024">1,75</span></span>                <span class="currency">€</span>                <script>                    formatNumber('1.75', 'list_price_118024');                </script>                        <meta itemprop="priceCurrency" content="EUR">            <div class="unit_container">                                    <a class="substract_button" title="Menos" href="javascript:void(0);">-</a>                                <label class="quantity_container">                                                                        <input class="input_quantity_product" id="item_quantity_118024" type="number" data-product="118024" value="" min="1" max="999" required="" autocomplete="off">                                                            </label>                                    <a class="add_button" title="Más" href="javascript:void(0);">+</a>                    <a class="added_tick" title="Cambiar unidades" href="javascript:void(0);"></a>                            </div>                                                <div class="article_pum">                        <span>      3,89€/Kilo</span>                    </div>                                                                            <a data-product-id="118024" class="orange_button btn_add2cart" title="Añadir al carrito" onclick="dataLayer.push({event: 'event_gtm',category:'acciones usuario', action:'a�adir producto desde listado'})" href="javascript:addToCartFromItemList('118024')">AÑADIR AL CARRITO &gt;</a>                                        <span class="added_button">En carrito</span>                                    <a class="white_button" title="Añadir a mi lista" href="javascript:addToListFromItemList('118024')" onclick="dataLayer.push({event: 'event_gtm',category:'acciones usuario', action:'a�adir producto a lista'});">Añadir a mi lista</a>                                </div>                    <a class="article_link" title="Ver ficha de PASTA GALLO TAGLIATA HUEVO 450 G" href="/PASTA-GALLO-TAGLIATA-HUEVO-450-G_118024_prd_es_ES.jsp" onclick="javascript:callingTaggingEnpoints('')" itemprop="url"></a>                <div class="hover_container">            <div class="hover">                <div class="info_symbol"></div>            </div>        </div>                    </article>            </li>                    <li class="article" itemprop="itemListElement" itemscope="" itemtype="http://schema.org/Product">                    <article class="article_container" id="item_description_103030">            <a class="article_name" title="Ver ficha de ARROZ SOS CALDOSOS 500 G" href="/ARROZ-SOS-CALDOSOS-500-G_103030_prd_es_ES.jsp" itemprop="url"><span itemprop="name" id="description_text">ARROZ SOS CALDOSOS 500 G</span></a>            <!--informacion de gluten y calorias -->        <div class="info_container">                            <span class="calories">351 <span>kcal</span></span>                <a class="info" title="Producto con 351 kilocalorías" href="javascript:void(0);">                    <span class="info_text">Producto con 351 kilocalorías.</span>                </a>                                                            <img class="info_icon" alt="10% Descuento para suscriptores Condisline Prime" src="//static.condisline.com/resize_39x39/images/product_icons/icon_subscription.png" width="39" height="39">                                            <a class="info" title="10% Descuento para suscriptores Condisline Prime" href="javascript:void(0);">                            <span class="info_text">10% Descuento para suscriptores Condisline Prime</span>                        </a>                                                        </div>        <img class="article_image" alt="ARROZ SOS CALDOSOS 500 G" data-original="//static.condisline.com/resize_190x200/images/catalog/large/103030.jpg" src="//static.condisline.com/resize_190x200/images/catalog/large/103030.jpg" width="190" height="200" style="display: block;">        <meta itemprop="image" content="//static.condisline.com/resize_190x200/images/catalog/large/103030.jpg">        <div class="article_price_container" itemprop="offers" itemscope="" itemtype="http://schema.org/Offer">            <!-- Price -->                                            <span class="article_price" itemprop="price"><span id="list_price_103030">1,51</span></span>                <span class="currency">€</span>                <script>                    formatNumber('1.51', 'list_price_103030');                </script>                        <meta itemprop="priceCurrency" content="EUR">            <div class="unit_container">                                    <a class="substract_button" title="Menos" href="javascript:void(0);">-</a>                                <label class="quantity_container">                                                                        <input class="input_quantity_product" id="item_quantity_103030" type="number" data-product="103030" value="" min="1" max="999" required="" autocomplete="off">                                                            </label>                                    <a class="add_button" title="Más" href="javascript:void(0);">+</a>                    <a class="added_tick" title="Cambiar unidades" href="javascript:void(0);"></a>                            </div>                                                <div class="article_pum">                        <span>      3,02€/Kilo</span>                    </div>                                                                            <a data-product-id="103030" class="orange_button btn_add2cart" title="Añadir al carrito" onclick="dataLayer.push({event: 'event_gtm',category:'acciones usuario', action:'a�adir producto desde listado'})" href="javascript:addToCartFromItemList('103030')">AÑADIR AL CARRITO &gt;</a>                                        <span class="added_button">En carrito</span>                                    <a class="white_button" title="Añadir a mi lista" href="javascript:addToListFromItemList('103030')" onclick="dataLayer.push({event: 'event_gtm',category:'acciones usuario', action:'a�adir producto a lista'});">Añadir a mi lista</a>                                </div>                    <a class="article_link" title="Ver ficha de ARROZ SOS CALDOSOS 500 G" href="/ARROZ-SOS-CALDOSOS-500-G_103030_prd_es_ES.jsp" onclick="javascript:callingTaggingEnpoints('')" itemprop="url"></a>                <div class="hover_container">            <div class="hover">                <div class="info_symbol"></div>            </div>        </div>                    </article>            </li>                    <li class="article" itemprop="itemListElement" itemscope="" itemtype="http://schema.org/Product">                    <article class="article_container" id="item_description_121342">            <a class="article_name" title="Ver ficha de PASTA CONDIS FIDEO PERLA 500 G" href="/PASTA-CONDIS-FIDEO-PERLA-500-G_121342_prd_es_ES.jsp" itemprop="url"><span itemprop="name" id="description_text">PASTA CONDIS FIDEO PERLA 500 G</span></a>            <!--informacion de gluten y calorias -->        <div class="info_container">                            <span class="calories">344 <span>kcal</span></span>                <a class="info" title="Producto con 344 kilocalorías" href="javascript:void(0);">                    <span class="info_text">Producto con 344 kilocalorías.</span>                </a>                                                            <img class="info_icon" alt="10% Descuento para suscriptores Condisline Prime" src="//static.condisline.com/resize_39x39/images/product_icons/icon_subscription.png" width="39" height="39">                                            <a class="info" title="10% Descuento para suscriptores Condisline Prime" href="javascript:void(0);">                            <span class="info_text">10% Descuento para suscriptores Condisline Prime</span>                        </a>                                                        <img class="info_icon" alt="Marca propia" src="//static.condisline.com/resize_39x39/images/product_icons/marca_propia.png" width="39" height="39">                                            <a class="info" title="Marca propia" href="javascript:void(0);">                            <span class="info_text">Marca propia</span>                        </a>                                                        </div>        <img class="article_image" alt="PASTA CONDIS FIDEO PERLA 500 G" data-original="//static.condisline.com/resize_190x200/images/catalog/large/121342.jpg" src="//static.condisline.com/resize_190x200/images/catalog/large/121342.jpg" width="190" height="200" style="display: block;">        <meta itemprop="image" content="//static.condisline.com/resize_190x200/images/catalog/large/121342.jpg">        <div class="article_price_container" itemprop="offers" itemscope="" itemtype="http://schema.org/Offer">            <!-- Price -->                                            <span class="article_price" itemprop="price"><span id="list_price_121342">0,79</span></span>                <span class="currency">€</span>                <script>                    formatNumber('0.79', 'list_price_121342');                </script>                        <meta itemprop="priceCurrency" content="EUR">            <div class="unit_container">                                    <a class="substract_button" title="Menos" href="javascript:void(0);">-</a>                                <label class="quantity_container">                                                                        <input class="input_quantity_product" id="item_quantity_121342" type="number" data-product="121342" value="" min="1" max="999" required="" autocomplete="off">                                                            </label>                                    <a class="add_button" title="Más" href="javascript:void(0);">+</a>                    <a class="added_tick" title="Cambiar unidades" href="javascript:void(0);"></a>                            </div>                                                <div class="article_pum">                        <span>      1,58€/Kilo</span>                    </div>                                                                            <a data-product-id="121342" class="orange_button btn_add2cart" title="Añadir al carrito" onclick="dataLayer.push({event: 'event_gtm',category:'acciones usuario', action:'a�adir producto desde listado'})" href="javascript:addToCartFromItemList('121342')">AÑADIR AL CARRITO &gt;</a>                                        <span class="added_button">En carrito</span>                                    <a class="white_button" title="Añadir a mi lista" href="javascript:addToListFromItemList('121342')" onclick="dataLayer.push({event: 'event_gtm',category:'acciones usuario', action:'a�adir producto a lista'});">Añadir a mi lista</a>                                </div>                    <a class="article_link" title="Ver ficha de PASTA CONDIS FIDEO PERLA 500 G" href="/PASTA-CONDIS-FIDEO-PERLA-500-G_121342_prd_es_ES.jsp" onclick="javascript:callingTaggingEnpoints('')" itemprop="url"></a>                <div class="hover_container">            <div class="hover">                <div class="info_symbol"></div>            </div>        </div>                    </article>            </li>                    <li class="article" itemprop="itemListElement" itemscope="" itemtype="http://schema.org/Product">                    <article class="article_container" id="item_description_121207">            <a class="article_name" title="Ver ficha de PASTA CONDIS FIDEUA N.1 500 G" href="/PASTA-CONDIS-FIDEUA-N-1-500-G_121207_prd_es_ES.jsp" itemprop="url"><span itemprop="name" id="description_text">PASTA CONDIS FIDEUA N.1 500 G</span></a>            <!--informacion de gluten y calorias -->        <div class="info_container">                            <span class="calories">344 <span>kcal</span></span>                <a class="info" title="Producto con 344 kilocalorías" href="javascript:void(0);">                    <span class="info_text">Producto con 344 kilocalorías.</span>                </a>                                                            <img class="info_icon" alt="10% Descuento para suscriptores Condisline Prime" src="//static.condisline.com/resize_39x39/images/product_icons/icon_subscription.png" width="39" height="39">                                            <a class="info" title="10% Descuento para suscriptores Condisline Prime" href="javascript:void(0);">                            <span class="info_text">10% Descuento para suscriptores Condisline Prime</span>                        </a>                                                        <img class="info_icon" alt="Marca propia" src="//static.condisline.com/resize_39x39/images/product_icons/marca_propia.png" width="39" height="39">                                            <a class="info" title="Marca propia" href="javascript:void(0);">                            <span class="info_text">Marca propia</span>                        </a>                                                        </div>        <img class="article_image" alt="PASTA CONDIS FIDEUA N.1 500 G" data-original="//static.condisline.com/resize_190x200/images/catalog/large/121207.jpg" src="//static.condisline.com/resize_190x200/images/catalog/large/121207.jpg" width="190" height="200" style="display: block;">        <meta itemprop="image" content="//static.condisline.com/resize_190x200/images/catalog/large/121207.jpg">        <div class="article_price_container" itemprop="offers" itemscope="" itemtype="http://schema.org/Offer">            <!-- Price -->                                            <span class="article_price" itemprop="price"><span id="list_price_121207">0,79</span></span>                <span class="currency">€</span>                <script>                    formatNumber('0.79', 'list_price_121207');                </script>                        <meta itemprop="priceCurrency" content="EUR">            <div class="unit_container">                                    <a class="substract_button" title="Menos" href="javascript:void(0);">-</a>                                <label class="quantity_container">                                                                        <input class="input_quantity_product" id="item_quantity_121207" type="number" data-product="121207" value="" min="1" max="999" required="" autocomplete="off">                                                            </label>                                    <a class="add_button" title="Más" href="javascript:void(0);">+</a>                    <a class="added_tick" title="Cambiar unidades" href="javascript:void(0);"></a>                            </div>                                                <div class="article_pum">                        <span>      1,58€/Kilo</span>                    </div>                                                                            <a data-product-id="121207" class="orange_button btn_add2cart" title="Añadir al carrito" onclick="dataLayer.push({event: 'event_gtm',category:'acciones usuario', action:'a�adir producto desde listado'})" href="javascript:addToCartFromItemList('121207')">AÑADIR AL CARRITO &gt;</a>                                        <span class="added_button">En carrito</span>                                    <a class="white_button" title="Añadir a mi lista" href="javascript:addToListFromItemList('121207')" onclick="dataLayer.push({event: 'event_gtm',category:'acciones usuario', action:'a�adir producto a lista'});">Añadir a mi lista</a>                                </div>                    <a class="article_link" title="Ver ficha de PASTA CONDIS FIDEUA N.1 500 G" href="/PASTA-CONDIS-FIDEUA-N-1-500-G_121207_prd_es_ES.jsp" onclick="javascript:callingTaggingEnpoints('')" itemprop="url"></a>                <div class="hover_container">            <div class="hover">                <div class="info_symbol"></div>            </div>        </div>                    </article>            </li>                    <li class="article" itemprop="itemListElement" itemscope="" itemtype="http://schema.org/Product">                    <article class="article_container" id="item_description_722351">            <a class="article_name" title="Ver ficha de LENTEJAS LUENGO PARDINA 1 KG" href="/LENTEJAS-LUENGO-PARDINA-1-KG_722351_prd_es_ES.jsp" itemprop="url"><span itemprop="name" id="description_text">LENTEJAS LUENGO PARDINA 1 KG</span></a>            <!--informacion de gluten y calorias -->        <div class="info_container">                            <span class="calories">281 <span>kcal</span></span>                <a class="info" title="Producto con 281 kilocalorías" href="javascript:void(0);">                    <span class="info_text">Producto con 281 kilocalorías.</span>                </a>                                                            <img class="info_icon" alt="10% Descuento para suscriptores Condisline Prime" src="//static.condisline.com/resize_39x39/images/product_icons/icon_subscription.png" width="39" height="39">                                            <a class="info" title="10% Descuento para suscriptores Condisline Prime" href="javascript:void(0);">                            <span class="info_text">10% Descuento para suscriptores Condisline Prime</span>                        </a>                                                        </div>        <img class="article_image" alt="LENTEJAS LUENGO PARDINA 1 KG" data-original="//static.condisline.com/resize_190x200/images/catalog/large/722351.jpg" src="//static.condisline.com/resize_190x200/images/catalog/large/722351.jpg" width="190" height="200" style="display: block;">        <meta itemprop="image" content="//static.condisline.com/resize_190x200/images/catalog/large/722351.jpg">        <div class="article_price_container" itemprop="offers" itemscope="" itemtype="http://schema.org/Offer">            <!-- Price -->                                            <span class="article_price" itemprop="price"><span id="list_price_722351">4,00</span></span>                <span class="currency">€</span>                <script>                    formatNumber('4', 'list_price_722351');                </script>                        <meta itemprop="priceCurrency" content="EUR">            <div class="unit_container">                                    <a class="substract_button" title="Menos" href="javascript:void(0);">-</a>                                <label class="quantity_container">                                                                        <input class="input_quantity_product" id="item_quantity_722351" type="number" data-product="722351" value="" min="1" max="999" required="" autocomplete="off">                                                            </label>                                    <a class="add_button" title="Más" href="javascript:void(0);">+</a>                    <a class="added_tick" title="Cambiar unidades" href="javascript:void(0);"></a>                            </div>                                                <div class="article_pum">                        <span>      4,00€/Kilo</span>                    </div>                                                                            <a data-product-id="722351" class="orange_button btn_add2cart" title="Añadir al carrito" onclick="dataLayer.push({event: 'event_gtm',category:'acciones usuario', action:'a�adir producto desde listado'})" href="javascript:addToCartFromItemList('722351')">AÑADIR AL CARRITO &gt;</a>                                        <span class="added_button">En carrito</span>                                    <a class="white_button" title="Añadir a mi lista" href="javascript:addToListFromItemList('722351')" onclick="dataLayer.push({event: 'event_gtm',category:'acciones usuario', action:'a�adir producto a lista'});">Añadir a mi lista</a>                                </div>                    <a class="article_link" title="Ver ficha de LENTEJAS LUENGO PARDINA 1 KG" href="/LENTEJAS-LUENGO-PARDINA-1-KG_722351_prd_es_ES.jsp" onclick="javascript:callingTaggingEnpoints('')" itemprop="url"></a>                <div class="hover_container">            <div class="hover">                <div class="info_symbol"></div>            </div>        </div>                    </article>            </li>                    <li class="article" itemprop="itemListElement" itemscope="" itemtype="http://schema.org/Product">                    <article class="article_container" id="item_description_104052">            <a class="article_name" title="Ver ficha de LENTEJAS CONDIS ROJA EXTRA 1 KG" href="/LENTEJAS-CONDIS-ROJA-EXTRA-1-KG_104052_prd_es_ES.jsp" itemprop="url"><span itemprop="name" id="description_text">LENTEJAS CONDIS ROJA EXTRA 1 KG</span></a>            <!--informacion de gluten y calorias -->        <div class="info_container">                            <span class="calories">306 <span>kcal</span></span>                <a class="info" title="Producto con 306 kilocalorías" href="javascript:void(0);">                    <span class="info_text">Producto con 306 kilocalorías.</span>                </a>                                                            <img class="info_icon" alt="10% Descuento para suscriptores Condisline Prime" src="//static.condisline.com/resize_39x39/images/product_icons/icon_subscription.png" width="39" height="39">                                            <a class="info" title="10% Descuento para suscriptores Condisline Prime" href="javascript:void(0);">                            <span class="info_text">10% Descuento para suscriptores Condisline Prime</span>                        </a>                                                        <img class="info_icon" alt="Marca propia" src="//static.condisline.com/resize_39x39/images/product_icons/marca_propia.png" width="39" height="39">                                            <a class="info" title="Marca propia" href="javascript:void(0);">                            <span class="info_text">Marca propia</span>                        </a>                                                        </div>        <img class="article_image" alt="LENTEJAS CONDIS ROJA EXTRA 1 KG" data-original="//static.condisline.com/resize_190x200/images/catalog/large/104052.jpg" src="//static.condisline.com/resize_190x200/images/catalog/large/104052.jpg" width="190" height="200" style="display: block;">        <meta itemprop="image" content="//static.condisline.com/resize_190x200/images/catalog/large/104052.jpg">        <div class="article_price_container" itemprop="offers" itemscope="" itemtype="http://schema.org/Offer">            <!-- Price -->                                            <span class="article_price" itemprop="price"><span id="list_price_104052">1,75</span></span>                <span class="currency">€</span>                <script>                    formatNumber('1.75', 'list_price_104052');                </script>                        <meta itemprop="priceCurrency" content="EUR">            <div class="unit_container">                                    <a class="substract_button" title="Menos" href="javascript:void(0);">-</a>                                <label class="quantity_container">                                                                        <input class="input_quantity_product" id="item_quantity_104052" type="number" data-product="104052" value="" min="1" max="999" required="" autocomplete="off">                                                            </label>                                    <a class="add_button" title="Más" href="javascript:void(0);">+</a>                    <a class="added_tick" title="Cambiar unidades" href="javascript:void(0);"></a>                            </div>                                                <div class="article_pum">                        <span>      1,75€/Kilo</span>                    </div>                                                                            <a data-product-id="104052" class="orange_button btn_add2cart" title="Añadir al carrito" onclick="dataLayer.push({event: 'event_gtm',category:'acciones usuario', action:'a�adir producto desde listado'})" href="javascript:addToCartFromItemList('104052')">AÑADIR AL CARRITO &gt;</a>                                        <span class="added_button">En carrito</span>                                    <a class="white_button" title="Añadir a mi lista" href="javascript:addToListFromItemList('104052')" onclick="dataLayer.push({event: 'event_gtm',category:'acciones usuario', action:'a�adir producto a lista'});">Añadir a mi lista</a>                                </div>                    <a class="article_link" title="Ver ficha de LENTEJAS CONDIS ROJA EXTRA 1 KG" href="/LENTEJAS-CONDIS-ROJA-EXTRA-1-KG_104052_prd_es_ES.jsp" onclick="javascript:callingTaggingEnpoints('')" itemprop="url"></a>                <div class="hover_container">            <div class="hover">                <div class="info_symbol"></div>            </div>        </div>                    </article>            </li>                    <li class="article" itemprop="itemListElement" itemscope="" itemtype="http://schema.org/Product">                    <article class="article_container" id="item_description_121100">            <a class="article_name" title="Ver ficha de LASAÑA EL PAVO INSTANTÁNEA 200 G" href="/LASANA-EL-PAVO-INSTANTANEA-200-G_121100_prd_es_ES.jsp" itemprop="url"><span itemprop="name" id="description_text">LASAÑA EL PAVO INSTANTÁNEA 200 G</span></a>            <!--informacion de gluten y calorias -->        <div class="info_container">                            <span class="calories">360 <span>kcal</span></span>                <a class="info" title="Producto con 360 kilocalorías" href="javascript:void(0);">                    <span class="info_text">Producto con 360 kilocalorías.</span>                </a>                                                            <img class="info_icon" alt="10% Descuento para suscriptores Condisline Prime" src="//static.condisline.com/resize_39x39/images/product_icons/icon_subscription.png" width="39" height="39">                                            <a class="info" title="10% Descuento para suscriptores Condisline Prime" href="javascript:void(0);">                            <span class="info_text">10% Descuento para suscriptores Condisline Prime</span>                        </a>                                                        </div>        <img class="article_image" alt="LASAÑA EL PAVO INSTANTÁNEA 200 G" data-original="//static.condisline.com/resize_190x200/images/catalog/large/121100.jpg" src="//static.condisline.com/resize_190x200/images/catalog/large/121100.jpg" width="190" height="200" style="display: block;">        <meta itemprop="image" content="//static.condisline.com/resize_190x200/images/catalog/large/121100.jpg">        <div class="article_price_container" itemprop="offers" itemscope="" itemtype="http://schema.org/Offer">            <!-- Price -->                                            <span class="article_price" itemprop="price"><span id="list_price_121100">1,49</span></span>                <span class="currency">€</span>                <script>                    formatNumber('1.49', 'list_price_121100');                </script>                        <meta itemprop="priceCurrency" content="EUR">            <div class="unit_container">                                    <a class="substract_button" title="Menos" href="javascript:void(0);">-</a>                                <label class="quantity_container">                                                                        <input class="input_quantity_product" id="item_quantity_121100" type="number" data-product="121100" value="" min="1" max="999" required="" autocomplete="off">                                                            </label>                                    <a class="add_button" title="Más" href="javascript:void(0);">+</a>                    <a class="added_tick" title="Cambiar unidades" href="javascript:void(0);"></a>                            </div>                                                <div class="article_pum">                        <span>      7,45€/Kilo</span>                    </div>                                                                            <a data-product-id="121100" class="orange_button btn_add2cart" title="Añadir al carrito" onclick="dataLayer.push({event: 'event_gtm',category:'acciones usuario', action:'a�adir producto desde listado'})" href="javascript:addToCartFromItemList('121100')">AÑADIR AL CARRITO &gt;</a>                                        <span class="added_button">En carrito</span>                                    <a class="white_button" title="Añadir a mi lista" href="javascript:addToListFromItemList('121100')" onclick="dataLayer.push({event: 'event_gtm',category:'acciones usuario', action:'a�adir producto a lista'});">Añadir a mi lista</a>                                </div>                    <a class="article_link" title="Ver ficha de LASAÑA EL PAVO INSTANTÁNEA 200 G" href="/LASANA-EL-PAVO-INSTANTANEA-200-G_121100_prd_es_ES.jsp" onclick="javascript:callingTaggingEnpoints('')" itemprop="url"></a>                <div class="hover_container">            <div class="hover">                <div class="info_symbol"></div>            </div>        </div>                    </article>            </li>                    <li class="article" itemprop="itemListElement" itemscope="" itemtype="http://schema.org/Product">                    <article class="article_container" id="item_description_103067">            <a class="article_name" title="Ver ficha de ARROZ NOMEN PAELLA 1 KG" href="/ARROZ-NOMEN-PAELLA-1-KG_103067_prd_es_ES.jsp" itemprop="url"><span itemprop="name" id="description_text">ARROZ NOMEN PAELLA 1 KG</span></a>            <!--informacion de gluten y calorias -->        <div class="info_container">                            <span class="calories">346 <span>kcal</span></span>                <a class="info" title="Producto con 346 kilocalorías" href="javascript:void(0);">                    <span class="info_text">Producto con 346 kilocalorías.</span>                </a>                                                            <img class="info_icon" alt="10% Descuento para suscriptores Condisline Prime" src="//static.condisline.com/resize_39x39/images/product_icons/icon_subscription.png" width="39" height="39">                                            <a class="info" title="10% Descuento para suscriptores Condisline Prime" href="javascript:void(0);">                            <span class="info_text">10% Descuento para suscriptores Condisline Prime</span>                        </a>                                                        </div>        <img class="article_image" alt="ARROZ NOMEN PAELLA 1 KG" data-original="//static.condisline.com/resize_190x200/images/catalog/large/103067.jpg" src="//static.condisline.com/resize_190x200/images/catalog/large/103067.jpg" width="190" height="200" style="display: block;">        <meta itemprop="image" content="//static.condisline.com/resize_190x200/images/catalog/large/103067.jpg">        <div class="article_price_container" itemprop="offers" itemscope="" itemtype="http://schema.org/Offer">            <!-- Price -->                                            <span class="article_price" itemprop="price"><span id="list_price_103067">5,15</span></span>                <span class="currency">€</span>                <script>                    formatNumber('5.15', 'list_price_103067');                </script>                        <meta itemprop="priceCurrency" content="EUR">            <div class="unit_container">                                    <a class="substract_button" title="Menos" href="javascript:void(0);">-</a>                                <label class="quantity_container">                                                                        <input class="input_quantity_product" id="item_quantity_103067" type="number" data-product="103067" value="" min="1" max="999" required="" autocomplete="off">                                                            </label>                                    <a class="add_button" title="Más" href="javascript:void(0);">+</a>                    <a class="added_tick" title="Cambiar unidades" href="javascript:void(0);"></a>                            </div>                                                <div class="article_pum">                        <span>      5,15€/Kilo</span>                    </div>                                                                            <a data-product-id="103067" class="orange_button btn_add2cart" title="Añadir al carrito" onclick="dataLayer.push({event: 'event_gtm',category:'acciones usuario', action:'a�adir producto desde listado'})" href="javascript:addToCartFromItemList('103067')">AÑADIR AL CARRITO &gt;</a>                                        <span class="added_button">En carrito</span>                                    <a class="white_button" title="Añadir a mi lista" href="javascript:addToListFromItemList('103067')" onclick="dataLayer.push({event: 'event_gtm',category:'acciones usuario', action:'a�adir producto a lista'});">Añadir a mi lista</a>                                </div>                    <a class="article_link" title="Ver ficha de ARROZ NOMEN PAELLA 1 KG" href="/ARROZ-NOMEN-PAELLA-1-KG_103067_prd_es_ES.jsp" onclick="javascript:callingTaggingEnpoints('')" itemprop="url"></a>                <div class="hover_container">            <div class="hover">                <div class="info_symbol"></div>            </div>        </div>                    </article>            </li>                    <li class="article" itemprop="itemListElement" itemscope="" itemtype="http://schema.org/Product">                    <article class="article_container" id="item_description_103063">            <a class="article_name" title="Ver ficha de ARROZ SEGADORS DEL DELTA EXTRA 1 KG" href="/ARROZ-SEGADORS-DEL-DELTA-EXTRA-1-KG_103063_prd_es_ES.jsp" itemprop="url"><span itemprop="name" id="description_text">ARROZ SEGADORS DEL DELTA EXTRA 1 KG</span></a>            <!--informacion de gluten y calorias -->        <div class="info_container">                                                            <img class="info_icon" alt="10% Descuento para suscriptores Condisline Prime" src="//static.condisline.com/resize_39x39/images/product_icons/icon_subscription.png" width="39" height="39">                                            <a class="info" title="10% Descuento para suscriptores Condisline Prime" href="javascript:void(0);">                            <span class="info_text">10% Descuento para suscriptores Condisline Prime</span>                        </a>                                                        </div>        <img class="article_image" alt="ARROZ SEGADORS DEL DELTA EXTRA 1 KG" data-original="//static.condisline.com/resize_190x200/images/catalog/large/103063.jpg" src="//static.condisline.com/resize_190x200/images/catalog/large/103063.jpg" width="190" height="200" style="display: block;">        <meta itemprop="image" content="//static.condisline.com/resize_190x200/images/catalog/large/103063.jpg">        <div class="article_price_container" itemprop="offers" itemscope="" itemtype="http://schema.org/Offer">            <!-- Price -->                                            <span class="article_price" itemprop="price"><span id="list_price_103063">2,49</span></span>                <span class="currency">€</span>                <script>                    formatNumber('2.49', 'list_price_103063');                </script>                        <meta itemprop="priceCurrency" content="EUR">            <div class="unit_container">                                    <a class="substract_button" title="Menos" href="javascript:void(0);">-</a>                                <label class="quantity_container">                                                                        <input class="input_quantity_product" id="item_quantity_103063" type="number" data-product="103063" value="" min="1" max="999" required="" autocomplete="off">                                                            </label>                                    <a class="add_button" title="Más" href="javascript:void(0);">+</a>                    <a class="added_tick" title="Cambiar unidades" href="javascript:void(0);"></a>                            </div>                                                <div class="article_pum">                        <span>      2,49€/Kilo</span>                    </div>                                                                            <a data-product-id="103063" class="orange_button btn_add2cart" title="Añadir al carrito" onclick="dataLayer.push({event: 'event_gtm',category:'acciones usuario', action:'a�adir producto desde listado'})" href="javascript:addToCartFromItemList('103063')">AÑADIR AL CARRITO &gt;</a>                                        <span class="added_button">En carrito</span>                                    <a class="white_button" title="Añadir a mi lista" href="javascript:addToListFromItemList('103063')" onclick="dataLayer.push({event: 'event_gtm',category:'acciones usuario', action:'a�adir producto a lista'});">Añadir a mi lista</a>                                </div>                    <a class="article_link" title="Ver ficha de ARROZ SEGADORS DEL DELTA EXTRA 1 KG" href="/ARROZ-SEGADORS-DEL-DELTA-EXTRA-1-KG_103063_prd_es_ES.jsp" onclick="javascript:callingTaggingEnpoints('')" itemprop="url"></a>                <div class="hover_container">            <div class="hover">                <div class="info_symbol"></div>            </div>        </div>                    </article>            </li>                    <li class="article" itemprop="itemListElement" itemscope="" itemtype="http://schema.org/Product">                    <article class="article_container" id="item_description_122124">            <a class="article_name" title="Ver ficha de SPAGHETTI MOLISANA  500 G" href="/SPAGHETTI-MOLISANA-500-G_122124_prd_es_ES.jsp" itemprop="url"><span itemprop="name" id="description_text">SPAGHETTI MOLISANA  500 G</span></a>            <!--informacion de gluten y calorias -->        <div class="info_container">                                                            <img class="info_icon" alt="10% Descuento para suscriptores Condisline Prime" src="//static.condisline.com/resize_39x39/images/product_icons/icon_subscription.png" width="39" height="39">                                            <a class="info" title="10% Descuento para suscriptores Condisline Prime" href="javascript:void(0);">                            <span class="info_text">10% Descuento para suscriptores Condisline Prime</span>                        </a>                                                        </div>        <img class="article_image" alt="SPAGHETTI MOLISANA  500 G" data-original="//static.condisline.com/resize_190x200/images/catalog/large/122124.jpg" src="//static.condisline.com/resize_190x200/images/catalog/large/122124.jpg" width="190" height="200" style="display: block;">        <meta itemprop="image" content="//static.condisline.com/resize_190x200/images/catalog/large/122124.jpg">        <div class="article_price_container" itemprop="offers" itemscope="" itemtype="http://schema.org/Offer">            <!-- Price -->                                            <span class="article_price" itemprop="price"><span id="list_price_122124">1,79</span></span>                <span class="currency">€</span>                <script>                    formatNumber('1.79', 'list_price_122124');                </script>                        <meta itemprop="priceCurrency" content="EUR">            <div class="unit_container">                                    <a class="substract_button" title="Menos" href="javascript:void(0);">-</a>                                <label class="quantity_container">                                                                        <input class="input_quantity_product" id="item_quantity_122124" type="number" data-product="122124" value="" min="1" max="999" required="" autocomplete="off">                                                            </label>                                    <a class="add_button" title="Más" href="javascript:void(0);">+</a>                    <a class="added_tick" title="Cambiar unidades" href="javascript:void(0);"></a>                            </div>                                                <div class="article_pum">                        <span>      3,58€/Kilo</span>                    </div>                                                                            <a data-product-id="122124" class="orange_button btn_add2cart" title="Añadir al carrito" onclick="dataLayer.push({event: 'event_gtm',category:'acciones usuario', action:'a�adir producto desde listado'})" href="javascript:addToCartFromItemList('122124')">AÑADIR AL CARRITO &gt;</a>                                        <span class="added_button">En carrito</span>                                    <a class="white_button" title="Añadir a mi lista" href="javascript:addToListFromItemList('122124')" onclick="dataLayer.push({event: 'event_gtm',category:'acciones usuario', action:'a�adir producto a lista'});">Añadir a mi lista</a>                                </div>                    <a class="article_link" title="Ver ficha de SPAGHETTI MOLISANA  500 G" href="/SPAGHETTI-MOLISANA-500-G_122124_prd_es_ES.jsp" onclick="javascript:callingTaggingEnpoints('')" itemprop="url"></a>                <div class="hover_container">            <div class="hover">                <div class="info_symbol"></div>            </div>        </div>                    </article>            </li>                    <li class="article" itemprop="itemListElement" itemscope="" itemtype="http://schema.org/Product">                    <article class="article_container" id="item_description_122049">            <a class="article_name" title="Ver ficha de TORTELLINI GALLO QUESO 500 G" href="/TORTELLINI-GALLO-QUESO-500-G_122049_prd_es_ES.jsp" itemprop="url"><span itemprop="name" id="description_text">TORTELLINI GALLO QUESO 500 G</span></a>            <!--informacion de gluten y calorias -->        <div class="info_container">                                                            <img class="info_icon" alt="10% Descuento para suscriptores Condisline Prime" src="//static.condisline.com/resize_39x39/images/product_icons/icon_subscription.png" width="39" height="39">                                            <a class="info" title="10% Descuento para suscriptores Condisline Prime" href="javascript:void(0);">                            <span class="info_text">10% Descuento para suscriptores Condisline Prime</span>                        </a>                                                        </div>        <img class="article_image" alt="TORTELLINI GALLO QUESO 500 G" data-original="//static.condisline.com/resize_190x200/images/catalog/large/122049.jpg" src="//static.condisline.com/resize_190x200/images/catalog/large/122049.jpg" width="190" height="200" style="display: block;">        <meta itemprop="image" content="//static.condisline.com/resize_190x200/images/catalog/large/122049.jpg">        <div class="article_price_container" itemprop="offers" itemscope="" itemtype="http://schema.org/Offer">            <!-- Price -->                                            <span class="article_price" itemprop="price"><span id="list_price_122049">3,65</span></span>                <span class="currency">€</span>                <script>                    formatNumber('3.65', 'list_price_122049');                </script>                        <meta itemprop="priceCurrency" content="EUR">            <div class="unit_container">                                    <a class="substract_button" title="Menos" href="javascript:void(0);">-</a>                                <label class="quantity_container">                                                                        <input class="input_quantity_product" id="item_quantity_122049" type="number" data-product="122049" value="" min="1" max="999" required="" autocomplete="off">                                                            </label>                                    <a class="add_button" title="Más" href="javascript:void(0);">+</a>                    <a class="added_tick" title="Cambiar unidades" href="javascript:void(0);"></a>                            </div>                                                <div class="article_pum">                        <span>      7,30€/Kilo</span>                    </div>                                                                            <a data-product-id="122049" class="orange_button btn_add2cart" title="Añadir al carrito" onclick="dataLayer.push({event: 'event_gtm',category:'acciones usuario', action:'a�adir producto desde listado'})" href="javascript:addToCartFromItemList('122049')">AÑADIR AL CARRITO &gt;</a>                                        <span class="added_button">En carrito</span>                                    <a class="white_button" title="Añadir a mi lista" href="javascript:addToListFromItemList('122049')" onclick="dataLayer.push({event: 'event_gtm',category:'acciones usuario', action:'a�adir producto a lista'});">Añadir a mi lista</a>                                </div>                    <a class="article_link" title="Ver ficha de TORTELLINI GALLO QUESO 500 G" href="/TORTELLINI-GALLO-QUESO-500-G_122049_prd_es_ES.jsp" onclick="javascript:callingTaggingEnpoints('')" itemprop="url"></a>                <div class="hover_container">            <div class="hover">                <div class="info_symbol"></div>            </div>        </div>                    </article>            </li>                    <li class="article" itemprop="itemListElement" itemscope="" itemtype="http://schema.org/Product">                    <article class="article_container" id="item_description_121853">            <a class="article_name" title="Ver ficha de HELICES GALLO NATURE MULTI VEGETAL 400 G" href="/HELICES-GALLO-NATURE-MULTI-VEGETAL-400-G_121853_prd_es_ES.jsp" itemprop="url"><span itemprop="name" id="description_text">HELICES GALLO NATURE MULTI VEGETAL 400 G</span></a>            <!--informacion de gluten y calorias -->        <div class="info_container">                            <span class="calories">358 <span>kcal</span></span>                <a class="info" title="Producto con 358 kilocalorías" href="javascript:void(0);">                    <span class="info_text">Producto con 358 kilocalorías.</span>                </a>                                                            <img class="info_icon" alt="10% Descuento para suscriptores Condisline Prime" src="//static.condisline.com/resize_39x39/images/product_icons/icon_subscription.png" width="39" height="39">                                            <a class="info" title="10% Descuento para suscriptores Condisline Prime" href="javascript:void(0);">                            <span class="info_text">10% Descuento para suscriptores Condisline Prime</span>                        </a>                                                        </div>        <img class="article_image" alt="HELICES GALLO NATURE MULTI VEGETAL 400 G" data-original="//static.condisline.com/resize_190x200/images/catalog/large/121853.jpg" src="//static.condisline.com/resize_190x200/images/catalog/large/121853.jpg" width="190" height="200" style="display: block;">        <meta itemprop="image" content="//static.condisline.com/resize_190x200/images/catalog/large/121853.jpg">        <div class="article_price_container" itemprop="offers" itemscope="" itemtype="http://schema.org/Offer">            <!-- Price -->                                            <span class="article_price" itemprop="price"><span id="list_price_121853">2,07</span></span>                <span class="currency">€</span>                <script>                    formatNumber('2.07', 'list_price_121853');                </script>                        <meta itemprop="priceCurrency" content="EUR">            <div class="unit_container">                                    <a class="substract_button" title="Menos" href="javascript:void(0);">-</a>                                <label class="quantity_container">                                                                        <input class="input_quantity_product" id="item_quantity_121853" type="number" data-product="121853" value="" min="1" max="999" required="" autocomplete="off">                                                            </label>                                    <a class="add_button" title="Más" href="javascript:void(0);">+</a>                    <a class="added_tick" title="Cambiar unidades" href="javascript:void(0);"></a>                            </div>                                                <div class="article_pum">                        <span>      5,18€/Kilo</span>                    </div>                                                                            <a data-product-id="121853" class="orange_button btn_add2cart" title="Añadir al carrito" onclick="dataLayer.push({event: 'event_gtm',category:'acciones usuario', action:'a�adir producto desde listado'})" href="javascript:addToCartFromItemList('121853')">AÑADIR AL CARRITO &gt;</a>                                        <span class="added_button">En carrito</span>                                    <a class="white_button" title="Añadir a mi lista" href="javascript:addToListFromItemList('121853')" onclick="dataLayer.push({event: 'event_gtm',category:'acciones usuario', action:'a�adir producto a lista'});">Añadir a mi lista</a>                                </div>                    <a class="article_link" title="Ver ficha de HELICES GALLO NATURE MULTI VEGETAL 400 G" href="/HELICES-GALLO-NATURE-MULTI-VEGETAL-400-G_121853_prd_es_ES.jsp" onclick="javascript:callingTaggingEnpoints('')" itemprop="url"></a>                <div class="hover_container">            <div class="hover">                <div class="info_symbol"></div>            </div>        </div>                    </article>            </li>                    <li class="article" itemprop="itemListElement" itemscope="" itemtype="http://schema.org/Product">                    <article class="article_container" id="item_description_722348">            <a class="article_name" title="Ver ficha de GARBANZOS LUENGO SELECTOS 1 KG" href="/GARBANZOS-LUENGO-SELECTOS-1-KG_722348_prd_es_ES.jsp" itemprop="url"><span itemprop="name" id="description_text">GARBANZOS LUENGO SELECTOS 1 KG</span></a>            <!--informacion de gluten y calorias -->        <div class="info_container">                            <span class="calories">348 <span>kcal</span></span>                <a class="info" title="Producto con 348 kilocalorías" href="javascript:void(0);">                    <span class="info_text">Producto con 348 kilocalorías.</span>                </a>                                                            <img class="info_icon" alt="10% Descuento para suscriptores Condisline Prime" src="//static.condisline.com/resize_39x39/images/product_icons/icon_subscription.png" width="39" height="39">                                            <a class="info" title="10% Descuento para suscriptores Condisline Prime" href="javascript:void(0);">                            <span class="info_text">10% Descuento para suscriptores Condisline Prime</span>                        </a>                                                        </div>        <img class="article_image" alt="GARBANZOS LUENGO SELECTOS 1 KG" data-original="//static.condisline.com/resize_190x200/images/catalog/large/722348.jpg" src="//static.condisline.com/resize_190x200/images/catalog/large/722348.jpg" width="190" height="200" style="display: block;">        <meta itemprop="image" content="//static.condisline.com/resize_190x200/images/catalog/large/722348.jpg">        <div class="article_price_container" itemprop="offers" itemscope="" itemtype="http://schema.org/Offer">            <!-- Price -->                                            <span class="article_price" itemprop="price"><span id="list_price_722348">3,95</span></span>                <span class="currency">€</span>                <script>                    formatNumber('3.95', 'list_price_722348');                </script>                        <meta itemprop="priceCurrency" content="EUR">            <div class="unit_container">                                    <a class="substract_button" title="Menos" href="javascript:void(0);">-</a>                                <label class="quantity_container">                                                                        <input class="input_quantity_product" id="item_quantity_722348" type="number" data-product="722348" value="" min="1" max="999" required="" autocomplete="off">                                                            </label>                                    <a class="add_button" title="Más" href="javascript:void(0);">+</a>                    <a class="added_tick" title="Cambiar unidades" href="javascript:void(0);"></a>                            </div>                                                <div class="article_pum">                        <span>      3,95€/Kilo</span>                    </div>                                                                            <a data-product-id="722348" class="orange_button btn_add2cart" title="Añadir al carrito" onclick="dataLayer.push({event: 'event_gtm',category:'acciones usuario', action:'a�adir producto desde listado'})" href="javascript:addToCartFromItemList('722348')">AÑADIR AL CARRITO &gt;</a>                                        <span class="added_button">En carrito</span>                                    <a class="white_button" title="Añadir a mi lista" href="javascript:addToListFromItemList('722348')" onclick="dataLayer.push({event: 'event_gtm',category:'acciones usuario', action:'a�adir producto a lista'});">Añadir a mi lista</a>                                </div>                    <a class="article_link" title="Ver ficha de GARBANZOS LUENGO SELECTOS 1 KG" href="/GARBANZOS-LUENGO-SELECTOS-1-KG_722348_prd_es_ES.jsp" onclick="javascript:callingTaggingEnpoints('')" itemprop="url"></a>                <div class="hover_container">            <div class="hover">                <div class="info_symbol"></div>            </div>        </div>                    </article>            </li>                    <li class="article" itemprop="itemListElement" itemscope="" itemtype="http://schema.org/Product">                    <article class="article_container" id="item_description_211511">            <a class="article_name" title="Ver ficha de ARROZ LARGO CONDIS VAPORIZADO 1 KG" href="/ARROZ-LARGO-CONDIS-VAPORIZADO-1-KG_211511_prd_es_ES.jsp" itemprop="url"><span itemprop="name" id="description_text">ARROZ LARGO CONDIS VAPORIZADO 1 KG</span></a>            <!--informacion de gluten y calorias -->        <div class="info_container">                            <span class="calories">320 <span>kcal</span></span>                <a class="info" title="Producto con 320 kilocalorías" href="javascript:void(0);">                    <span class="info_text">Producto con 320 kilocalorías.</span>                </a>                                                            <img class="info_icon" alt="10% Descuento para suscriptores Condisline Prime" src="//static.condisline.com/resize_39x39/images/product_icons/icon_subscription.png" width="39" height="39">                                            <a class="info" title="10% Descuento para suscriptores Condisline Prime" href="javascript:void(0);">                            <span class="info_text">10% Descuento para suscriptores Condisline Prime</span>                        </a>                                                        <img class="info_icon" alt="Marca propia" src="//static.condisline.com/resize_39x39/images/product_icons/marca_propia.png" width="39" height="39">                                            <a class="info" title="Marca propia" href="javascript:void(0);">                            <span class="info_text">Marca propia</span>                        </a>                                                        </div>        <img class="article_image" alt="ARROZ LARGO CONDIS VAPORIZADO 1 KG" data-original="//static.condisline.com/resize_190x200/images/catalog/large/211511.jpg" src="//static.condisline.com/resize_190x200/images/catalog/large/211511.jpg" width="190" height="200" style="display: block;">        <meta itemprop="image" content="//static.condisline.com/resize_190x200/images/catalog/large/211511.jpg">        <div class="article_price_container" itemprop="offers" itemscope="" itemtype="http://schema.org/Offer">            <!-- Price -->                                            <span class="article_price" itemprop="price"><span id="list_price_211511">1,69</span></span>                <span class="currency">€</span>                <script>                    formatNumber('1.69', 'list_price_211511');                </script>                        <meta itemprop="priceCurrency" content="EUR">            <div class="unit_container">                                    <a class="substract_button" title="Menos" href="javascript:void(0);">-</a>                                <label class="quantity_container">                                                                        <input class="input_quantity_product" id="item_quantity_211511" type="number" data-product="211511" value="" min="1" max="999" required="" autocomplete="off">                                                            </label>                                    <a class="add_button" title="Más" href="javascript:void(0);">+</a>                    <a class="added_tick" title="Cambiar unidades" href="javascript:void(0);"></a>                            </div>                                                <div class="article_pum">                        <span>      1,69€/Kilo</span>                    </div>                                                                            <a data-product-id="211511" class="orange_button btn_add2cart" title="Añadir al carrito" onclick="dataLayer.push({event: 'event_gtm',category:'acciones usuario', action:'a�adir producto desde listado'})" href="javascript:addToCartFromItemList('211511')">AÑADIR AL CARRITO &gt;</a>                                        <span class="added_button">En carrito</span>                                    <a class="white_button" title="Añadir a mi lista" href="javascript:addToListFromItemList('211511')" onclick="dataLayer.push({event: 'event_gtm',category:'acciones usuario', action:'a�adir producto a lista'});">Añadir a mi lista</a>                                </div>                    <a class="article_link" title="Ver ficha de ARROZ LARGO CONDIS VAPORIZADO 1 KG" href="/ARROZ-LARGO-CONDIS-VAPORIZADO-1-KG_211511_prd_es_ES.jsp" onclick="javascript:callingTaggingEnpoints('')" itemprop="url"></a>                <div class="hover_container">            <div class="hover">                <div class="info_symbol"></div>            </div>        </div>                    </article>            </li>                    <li class="article" itemprop="itemListElement" itemscope="" itemtype="http://schema.org/Product">                    <article class="article_container" id="item_description_122046">            <a class="article_name" title="Ver ficha de RAVIOLIS GALLO CARNE 500 G" href="/RAVIOLIS-GALLO-CARNE-500-G_122046_prd_es_ES.jsp" itemprop="url"><span itemprop="name" id="description_text">RAVIOLIS GALLO CARNE 500 G</span></a>            <!--informacion de gluten y calorias -->        <div class="info_container">                                                            <img class="info_icon" alt="10% Descuento para suscriptores Condisline Prime" src="//static.condisline.com/resize_39x39/images/product_icons/icon_subscription.png" width="39" height="39">                                            <a class="info" title="10% Descuento para suscriptores Condisline Prime" href="javascript:void(0);">                            <span class="info_text">10% Descuento para suscriptores Condisline Prime</span>                        </a>                                                        </div>        <img class="article_image" alt="RAVIOLIS GALLO CARNE 500 G" data-original="//static.condisline.com/resize_190x200/images/catalog/large/122046.jpg" src="//static.condisline.com/resize_190x200/images/catalog/large/122046.jpg" width="190" height="200" style="display: block;">        <meta itemprop="image" content="//static.condisline.com/resize_190x200/images/catalog/large/122046.jpg">        <div class="article_price_container" itemprop="offers" itemscope="" itemtype="http://schema.org/Offer">            <!-- Price -->                                            <span class="article_price" itemprop="price"><span id="list_price_122046">3,65</span></span>                <span class="currency">€</span>                <script>                    formatNumber('3.65', 'list_price_122046');                </script>                        <meta itemprop="priceCurrency" content="EUR">            <div class="unit_container">                                    <a class="substract_button" title="Menos" href="javascript:void(0);">-</a>                                <label class="quantity_container">                                                                        <input class="input_quantity_product" id="item_quantity_122046" type="number" data-product="122046" value="" min="1" max="999" required="" autocomplete="off">                                                            </label>                                    <a class="add_button" title="Más" href="javascript:void(0);">+</a>                    <a class="added_tick" title="Cambiar unidades" href="javascript:void(0);"></a>                            </div>                                                <div class="article_pum">                        <span>      7,30€/Kilo</span>                    </div>                                                                            <a data-product-id="122046" class="orange_button btn_add2cart" title="Añadir al carrito" onclick="dataLayer.push({event: 'event_gtm',category:'acciones usuario', action:'a�adir producto desde listado'})" href="javascript:addToCartFromItemList('122046')">AÑADIR AL CARRITO &gt;</a>                                        <span class="added_button">En carrito</span>                                    <a class="white_button" title="Añadir a mi lista" href="javascript:addToListFromItemList('122046')" onclick="dataLayer.push({event: 'event_gtm',category:'acciones usuario', action:'a�adir producto a lista'});">Añadir a mi lista</a>                                </div>                    <a class="article_link" title="Ver ficha de RAVIOLIS GALLO CARNE 500 G" href="/RAVIOLIS-GALLO-CARNE-500-G_122046_prd_es_ES.jsp" onclick="javascript:callingTaggingEnpoints('')" itemprop="url"></a>                <div class="hover_container">            <div class="hover">                <div class="info_symbol"></div>            </div>        </div>                    </article>            </li>                    <li class="article" itemprop="itemListElement" itemscope="" itemtype="http://schema.org/Product">                    <article class="article_container" id="item_description_125122">            <a class="article_name" title="Ver ficha de FIDEO ARROZ GALLO SIN GLUTEN 450 G" href="/FIDEO-ARROZ-GALLO-SIN-GLUTEN-450-G_125122_prd_es_ES.jsp" itemprop="url"><span itemprop="name" id="description_text">FIDEO ARROZ GALLO SIN GLUTEN 450 G</span></a>            <!--informacion de gluten y calorias -->        <div class="info_container">                            <span class="calories">361 <span>kcal</span></span>                <a class="info" title="Producto con 361 kilocalorías" href="javascript:void(0);">                    <span class="info_text">Producto con 361 kilocalorías.</span>                </a>                                                            <img class="info_icon" alt="10% Descuento para suscriptores Condisline Prime" src="//static.condisline.com/resize_39x39/images/product_icons/icon_subscription.png" width="39" height="39">                                            <a class="info" title="10% Descuento para suscriptores Condisline Prime" href="javascript:void(0);">                            <span class="info_text">10% Descuento para suscriptores Condisline Prime</span>                        </a>                                                        <img class="info_icon" alt="Producto sin gluten" src="//static.condisline.com/resize_39x39/images/product_icons/no_gluten.png" width="39" height="39">                                            <a class="info" title="Producto sin gluten" href="javascript:void(0);">                            <span class="info_text">Producto sin gluten</span>                        </a>                                                        </div>        <img class="article_image" alt="FIDEO ARROZ GALLO SIN GLUTEN 450 G" data-original="//static.condisline.com/resize_190x200/images/catalog/large/125122.jpg" src="//static.condisline.com/resize_190x200/images/catalog/large/125122.jpg" width="190" height="200" style="display: block;">        <meta itemprop="image" content="//static.condisline.com/resize_190x200/images/catalog/large/125122.jpg">        <div class="article_price_container" itemprop="offers" itemscope="" itemtype="http://schema.org/Offer">            <!-- Price -->                                            <span class="article_price" itemprop="price"><span id="list_price_125122">2,49</span></span>                <span class="currency">€</span>                <script>                    formatNumber('2.49', 'list_price_125122');                </script>                        <meta itemprop="priceCurrency" content="EUR">            <div class="unit_container">                                    <a class="substract_button" title="Menos" href="javascript:void(0);">-</a>                                <label class="quantity_container">                                                                        <input class="input_quantity_product" id="item_quantity_125122" type="number" data-product="125122" value="" min="1" max="999" required="" autocomplete="off">                                                            </label>                                    <a class="add_button" title="Más" href="javascript:void(0);">+</a>                    <a class="added_tick" title="Cambiar unidades" href="javascript:void(0);"></a>                            </div>                                                <div class="article_pum">                        <span>      5,53€/Kilo</span>                    </div>                                                                            <a data-product-id="125122" class="orange_button btn_add2cart" title="Añadir al carrito" onclick="dataLayer.push({event: 'event_gtm',category:'acciones usuario', action:'a�adir producto desde listado'})" href="javascript:addToCartFromItemList('125122')">AÑADIR AL CARRITO &gt;</a>                                        <span class="added_button">En carrito</span>                                    <a class="white_button" title="Añadir a mi lista" href="javascript:addToListFromItemList('125122')" onclick="dataLayer.push({event: 'event_gtm',category:'acciones usuario', action:'a�adir producto a lista'});">Añadir a mi lista</a>                                </div>                    <a class="article_link" title="Ver ficha de FIDEO ARROZ GALLO SIN GLUTEN 450 G" href="/FIDEO-ARROZ-GALLO-SIN-GLUTEN-450-G_125122_prd_es_ES.jsp" onclick="javascript:callingTaggingEnpoints('')" itemprop="url"></a>                <div class="hover_container">            <div class="hover">                <div class="info_symbol"></div>            </div>        </div>                    </article>            </li>                    <li class="article" itemprop="itemListElement" itemscope="" itemtype="http://schema.org/Product">                    <article class="article_container" id="item_description_121986">            <a class="article_name" title="Ver ficha de HELICES GALLO NATURE LENTEJA 250 G" href="/HELICES-GALLO-NATURE-LENTEJA-250-G_121986_prd_es_ES.jsp" itemprop="url"><span itemprop="name" id="description_text">HELICES GALLO NATURE LENTEJA 250 G</span></a>            <!--informacion de gluten y calorias -->        <div class="info_container">                                                            <img class="info_icon" alt="10% Descuento para suscriptores Condisline Prime" src="//static.condisline.com/resize_39x39/images/product_icons/icon_subscription.png" width="39" height="39">                                            <a class="info" title="10% Descuento para suscriptores Condisline Prime" href="javascript:void(0);">                            <span class="info_text">10% Descuento para suscriptores Condisline Prime</span>                        </a>                                                        <img class="info_icon" alt="Producto sin gluten" src="//static.condisline.com/resize_39x39/images/product_icons/no_gluten.png" width="39" height="39">                                            <a class="info" title="Producto sin gluten" href="javascript:void(0);">                            <span class="info_text">Producto sin gluten</span>                        </a>                                                        </div>        <img class="article_image" alt="HELICES GALLO NATURE LENTEJA 250 G" data-original="//static.condisline.com/resize_190x200/images/catalog/large/121986.jpg" src="//static.condisline.com/resize_190x200/images/catalog/large/121986.jpg" width="190" height="200" style="display: block;">        <meta itemprop="image" content="//static.condisline.com/resize_190x200/images/catalog/large/121986.jpg">        <div class="article_price_container" itemprop="offers" itemscope="" itemtype="http://schema.org/Offer">            <!-- Price -->                                            <span class="article_price" itemprop="price"><span id="list_price_121986">1,99</span></span>                <span class="currency">€</span>                <script>                    formatNumber('1.99', 'list_price_121986');                </script>                        <meta itemprop="priceCurrency" content="EUR">            <div class="unit_container">                                    <a class="substract_button" title="Menos" href="javascript:void(0);">-</a>                                <label class="quantity_container">                                                                        <input class="input_quantity_product" id="item_quantity_121986" type="number" data-product="121986" value="" min="1" max="999" required="" autocomplete="off">                                                            </label>                                    <a class="add_button" title="Más" href="javascript:void(0);">+</a>                    <a class="added_tick" title="Cambiar unidades" href="javascript:void(0);"></a>                            </div>                                                <div class="article_pum">                        <span>      7,96€/Kilo</span>                    </div>                                                                            <a data-product-id="121986" class="orange_button btn_add2cart" title="Añadir al carrito" onclick="dataLayer.push({event: 'event_gtm',category:'acciones usuario', action:'a�adir producto desde listado'})" href="javascript:addToCartFromItemList('121986')">AÑADIR AL CARRITO &gt;</a>                                        <span class="added_button">En carrito</span>                                    <a class="white_button" title="Añadir a mi lista" href="javascript:addToListFromItemList('121986')" onclick="dataLayer.push({event: 'event_gtm',category:'acciones usuario', action:'a�adir producto a lista'});">Añadir a mi lista</a>                                </div>                    <a class="article_link" title="Ver ficha de HELICES GALLO NATURE LENTEJA 250 G" href="/HELICES-GALLO-NATURE-LENTEJA-250-G_121986_prd_es_ES.jsp" onclick="javascript:callingTaggingEnpoints('')" itemprop="url"></a>                <div class="hover_container">            <div class="hover">                <div class="info_symbol"></div>            </div>        </div>                    </article>            </li>                    <li class="article" itemprop="itemListElement" itemscope="" itemtype="http://schema.org/Product">                    <article class="article_container" id="item_description_722352">            <a class="article_name" title="Ver ficha de LENTEJAS LUENGO CASTELLANA 500 G" href="/LENTEJAS-LUENGO-CASTELLANA-500-G_722352_prd_es_ES.jsp" itemprop="url"><span itemprop="name" id="description_text">LENTEJAS LUENGO CASTELLANA 500 G</span></a>            <!--informacion de gluten y calorias -->        <div class="info_container">                            <span class="calories">281 <span>kcal</span></span>                <a class="info" title="Producto con 281 kilocalorías" href="javascript:void(0);">                    <span class="info_text">Producto con 281 kilocalorías.</span>                </a>                                                            <img class="info_icon" alt="10% Descuento para suscriptores Condisline Prime" src="//static.condisline.com/resize_39x39/images/product_icons/icon_subscription.png" width="39" height="39">                                            <a class="info" title="10% Descuento para suscriptores Condisline Prime" href="javascript:void(0);">                            <span class="info_text">10% Descuento para suscriptores Condisline Prime</span>                        </a>                                                        </div>        <img class="article_image" alt="LENTEJAS LUENGO CASTELLANA 500 G" data-original="//static.condisline.com/resize_190x200/images/catalog/large/722352.jpg" src="//static.condisline.com/resize_190x200/images/catalog/large/722352.jpg" width="190" height="200" style="display: block;">        <meta itemprop="image" content="//static.condisline.com/resize_190x200/images/catalog/large/722352.jpg">        <div class="article_price_container" itemprop="offers" itemscope="" itemtype="http://schema.org/Offer">            <!-- Price -->                                            <span class="article_price" itemprop="price"><span id="list_price_722352">1,97</span></span>                <span class="currency">€</span>                <script>                    formatNumber('1.97', 'list_price_722352');                </script>                        <meta itemprop="priceCurrency" content="EUR">            <div class="unit_container">                                    <a class="substract_button" title="Menos" href="javascript:void(0);">-</a>                                <label class="quantity_container">                                                                        <input class="input_quantity_product" id="item_quantity_722352" type="number" data-product="722352" value="" min="1" max="999" required="" autocomplete="off">                                                            </label>                                    <a class="add_button" title="Más" href="javascript:void(0);">+</a>                    <a class="added_tick" title="Cambiar unidades" href="javascript:void(0);"></a>                            </div>                                                <div class="article_pum">                        <span>      3,94€/Kilo</span>                    </div>                                                                            <a data-product-id="722352" class="orange_button btn_add2cart" title="Añadir al carrito" onclick="dataLayer.push({event: 'event_gtm',category:'acciones usuario', action:'a�adir producto desde listado'})" href="javascript:addToCartFromItemList('722352')">AÑADIR AL CARRITO &gt;</a>                                        <span class="added_button">En carrito</span>                                    <a class="white_button" title="Añadir a mi lista" href="javascript:addToListFromItemList('722352')" onclick="dataLayer.push({event: 'event_gtm',category:'acciones usuario', action:'a�adir producto a lista'});">Añadir a mi lista</a>                                </div>                    <a class="article_link" title="Ver ficha de LENTEJAS LUENGO CASTELLANA 500 G" href="/LENTEJAS-LUENGO-CASTELLANA-500-G_722352_prd_es_ES.jsp" onclick="javascript:callingTaggingEnpoints('')" itemprop="url"></a>                <div class="hover_container">            <div class="hover">                <div class="info_symbol"></div>            </div>        </div>                    </article>            </li>                    <li class="article" itemprop="itemListElement" itemscope="" itemtype="http://schema.org/Product">                    <article class="article_container" id="item_description_122094">            <a class="article_name" title="Ver ficha de ESPAGUETIS CONDIS ECO 500 G" href="/ESPAGUETIS-CONDIS-ECO-500-G_122094_prd_es_ES.jsp" itemprop="url"><span itemprop="name" id="description_text">ESPAGUETIS CONDIS ECO 500 G</span></a>            <!--informacion de gluten y calorias -->        <div class="info_container">                            <span class="calories">341 <span>kcal</span></span>                <a class="info" title="Producto con 341 kilocalorías" href="javascript:void(0);">                    <span class="info_text">Producto con 341 kilocalorías.</span>                </a>                                                            <img class="info_icon" alt="10% Descuento para suscriptores Condisline Prime" src="//static.condisline.com/resize_39x39/images/product_icons/icon_subscription.png" width="39" height="39">                                            <a class="info" title="10% Descuento para suscriptores Condisline Prime" href="javascript:void(0);">                            <span class="info_text">10% Descuento para suscriptores Condisline Prime</span>                        </a>                                                        <img class="info_icon" alt="Producto ecológico" src="//static.condisline.com/resize_39x39/images/product_icons/icon_eco.jpg" width="39" height="39">                                            <a class="info" title="Producto ecológico" href="javascript:void(0);">                            <span class="info_text">Producto ecológico</span>                        </a>                                                        <img class="info_icon" alt="Marca propia" src="//static.condisline.com/resize_39x39/images/product_icons/marca_propia.png" width="39" height="39">                                            <a class="info" title="Marca propia" href="javascript:void(0);">                            <span class="info_text">Marca propia</span>                        </a>                                                        </div>        <img class="article_image" alt="ESPAGUETIS CONDIS ECO 500 G" data-original="//static.condisline.com/resize_190x200/images/catalog/large/122094.jpg" src="//static.condisline.com/resize_190x200/images/catalog/large/122094.jpg" width="190" height="200" style="display: block;">        <meta itemprop="image" content="//static.condisline.com/resize_190x200/images/catalog/large/122094.jpg">        <div class="article_price_container" itemprop="offers" itemscope="" itemtype="http://schema.org/Offer">            <!-- Price -->                                            <span class="article_price" itemprop="price"><span id="list_price_122094">2,55</span></span>                <span class="currency">€</span>                <script>                    formatNumber('2.55', 'list_price_122094');                </script>                        <meta itemprop="priceCurrency" content="EUR">            <div class="unit_container">                                    <a class="substract_button" title="Menos" href="javascript:void(0);">-</a>                                <label class="quantity_container">                                                                        <input class="input_quantity_product" id="item_quantity_122094" type="number" data-product="122094" value="" min="1" max="999" required="" autocomplete="off">                                                            </label>                                    <a class="add_button" title="Más" href="javascript:void(0);">+</a>                    <a class="added_tick" title="Cambiar unidades" href="javascript:void(0);"></a>                            </div>                                                <div class="article_pum">                        <span>      5,10€/Kilo</span>                    </div>                                                                            <a data-product-id="122094" class="orange_button btn_add2cart" title="Añadir al carrito" onclick="dataLayer.push({event: 'event_gtm',category:'acciones usuario', action:'a�adir producto desde listado'})" href="javascript:addToCartFromItemList('122094')">AÑADIR AL CARRITO &gt;</a>                                        <span class="added_button">En carrito</span>                                    <a class="white_button" title="Añadir a mi lista" href="javascript:addToListFromItemList('122094')" onclick="dataLayer.push({event: 'event_gtm',category:'acciones usuario', action:'a�adir producto a lista'});">Añadir a mi lista</a>                                </div>                    <a class="article_link" title="Ver ficha de ESPAGUETIS CONDIS ECO 500 G" href="/ESPAGUETIS-CONDIS-ECO-500-G_122094_prd_es_ES.jsp" onclick="javascript:callingTaggingEnpoints('')" itemprop="url"></a>                <div class="hover_container">            <div class="hover">                <div class="info_symbol"></div>            </div>        </div>                    </article>            </li>                    <li class="article" itemprop="itemListElement" itemscope="" itemtype="http://schema.org/Product">                    <article class="article_container" id="item_description_722500">            <a class="article_name" title="Ver ficha de PASTA GALLO FIDEOS N.1 450 G" href="/PASTA-GALLO-FIDEOS-N-1-450-G_722500_prd_es_ES.jsp" itemprop="url"><span itemprop="name" id="description_text">PASTA GALLO FIDEOS N.1 450 G</span></a>            <!--informacion de gluten y calorias -->        <div class="info_container">                            <span class="calories">344 <span>kcal</span></span>                <a class="info" title="Producto con 344 kilocalorías" href="javascript:void(0);">                    <span class="info_text">Producto con 344 kilocalorías.</span>                </a>                                                            <img class="info_icon" alt="10% Descuento para suscriptores Condisline Prime" src="//static.condisline.com/resize_39x39/images/product_icons/icon_subscription.png" width="39" height="39">                                            <a class="info" title="10% Descuento para suscriptores Condisline Prime" href="javascript:void(0);">                            <span class="info_text">10% Descuento para suscriptores Condisline Prime</span>                        </a>                                                        </div>        <img class="article_image" alt="PASTA GALLO FIDEOS N.1 450 G" data-original="//static.condisline.com/resize_190x200/images/catalog/large/722500.jpg" src="//static.condisline.com/resize_190x200/images/catalog/large/722500.jpg" width="190" height="200" style="display: block;">        <meta itemprop="image" content="//static.condisline.com/resize_190x200/images/catalog/large/722500.jpg">        <div class="article_price_container" itemprop="offers" itemscope="" itemtype="http://schema.org/Offer">            <!-- Price -->                                            <span class="article_price" itemprop="price"><span id="list_price_722500">1,39</span></span>                <span class="currency">€</span>                <script>                    formatNumber('1.39', 'list_price_722500');                </script>                        <meta itemprop="priceCurrency" content="EUR">            <div class="unit_container">                                    <a class="substract_button" title="Menos" href="javascript:void(0);">-</a>                                <label class="quantity_container">                                                                        <input class="input_quantity_product" id="item_quantity_722500" type="number" data-product="722500" value="" min="1" max="999" required="" autocomplete="off">                                                            </label>                                    <a class="add_button" title="Más" href="javascript:void(0);">+</a>                    <a class="added_tick" title="Cambiar unidades" href="javascript:void(0);"></a>                            </div>                                                <div class="article_pum">                        <span>      3,09€/Kilo</span>                    </div>                                                                            <a data-product-id="722500" class="orange_button btn_add2cart" title="Añadir al carrito" onclick="dataLayer.push({event: 'event_gtm',category:'acciones usuario', action:'a�adir producto desde listado'})" href="javascript:addToCartFromItemList('722500')">AÑADIR AL CARRITO &gt;</a>                                        <span class="added_button">En carrito</span>                                    <a class="white_button" title="Añadir a mi lista" href="javascript:addToListFromItemList('722500')" onclick="dataLayer.push({event: 'event_gtm',category:'acciones usuario', action:'a�adir producto a lista'});">Añadir a mi lista</a>                                </div>                    <a class="article_link" title="Ver ficha de PASTA GALLO FIDEOS N.1 450 G" href="/PASTA-GALLO-FIDEOS-N-1-450-G_722500_prd_es_ES.jsp" onclick="javascript:callingTaggingEnpoints('')" itemprop="url"></a>                <div class="hover_container">            <div class="hover">                <div class="info_symbol"></div>            </div>        </div>                    </article>            </li>                    <li class="article" itemprop="itemListElement" itemscope="" itemtype="http://schema.org/Product">                    <article class="article_container" id="item_description_121984">            <a class="article_name" title="Ver ficha de PASTA GALLO FIDEUA 450 G" href="/PASTA-GALLO-FIDEUA-450-G_121984_prd_es_ES.jsp" itemprop="url"><span itemprop="name" id="description_text">PASTA GALLO FIDEUA 450 G</span></a>            <!--informacion de gluten y calorias -->        <div class="info_container">                            <span class="calories">344 <span>kcal</span></span>                <a class="info" title="Producto con 344 kilocalorías" href="javascript:void(0);">                    <span class="info_text">Producto con 344 kilocalorías.</span>                </a>                                                            <img class="info_icon" alt="10% Descuento para suscriptores Condisline Prime" src="//static.condisline.com/resize_39x39/images/product_icons/icon_subscription.png" width="39" height="39">                                            <a class="info" title="10% Descuento para suscriptores Condisline Prime" href="javascript:void(0);">                            <span class="info_text">10% Descuento para suscriptores Condisline Prime</span>                        </a>                                                        </div>        <img class="article_image" alt="PASTA GALLO FIDEUA 450 G" data-original="//static.condisline.com/resize_190x200/images/catalog/large/121984.jpg" src="//static.condisline.com/resize_190x200/images/catalog/large/121984.jpg" width="190" height="200" style="display: block;">        <meta itemprop="image" content="//static.condisline.com/resize_190x200/images/catalog/large/121984.jpg">        <div class="article_price_container" itemprop="offers" itemscope="" itemtype="http://schema.org/Offer">            <!-- Price -->                                            <span class="article_price" itemprop="price"><span id="list_price_121984">1,39</span></span>                <span class="currency">€</span>                <script>                    formatNumber('1.39', 'list_price_121984');                </script>                        <meta itemprop="priceCurrency" content="EUR">            <div class="unit_container">                                    <a class="substract_button" title="Menos" href="javascript:void(0);">-</a>                                <label class="quantity_container">                                                                        <input class="input_quantity_product" id="item_quantity_121984" type="number" data-product="121984" value="" min="1" max="999" required="" autocomplete="off">                                                            </label>                                    <a class="add_button" title="Más" href="javascript:void(0);">+</a>                    <a class="added_tick" title="Cambiar unidades" href="javascript:void(0);"></a>                            </div>                                                <div class="article_pum">                        <span>      3,09€/Kilo</span>                    </div>                                                                            <a data-product-id="121984" class="orange_button btn_add2cart" title="Añadir al carrito" onclick="dataLayer.push({event: 'event_gtm',category:'acciones usuario', action:'a�adir producto desde listado'})" href="javascript:addToCartFromItemList('121984')">AÑADIR AL CARRITO &gt;</a>                                        <span class="added_button">En carrito</span>                                    <a class="white_button" title="Añadir a mi lista" href="javascript:addToListFromItemList('121984')" onclick="dataLayer.push({event: 'event_gtm',category:'acciones usuario', action:'a�adir producto a lista'});">Añadir a mi lista</a>                                </div>                    <a class="article_link" title="Ver ficha de PASTA GALLO FIDEUA 450 G" href="/PASTA-GALLO-FIDEUA-450-G_121984_prd_es_ES.jsp" onclick="javascript:callingTaggingEnpoints('')" itemprop="url"></a>                <div class="hover_container">            <div class="hover">                <div class="info_symbol"></div>            </div>        </div>                    </article>            </li>                    <li class="article" itemprop="itemListElement" itemscope="" itemtype="http://schema.org/Product">                    <article class="article_container" id="item_description_104053">            <a class="article_name" title="Ver ficha de GARBANZOS CONDIS EXTRA 1 KG" href="/GARBANZOS-CONDIS-EXTRA-1-KG_104053_prd_es_ES.jsp" itemprop="url"><span itemprop="name" id="description_text">GARBANZOS CONDIS EXTRA 1 KG</span></a>            <!--informacion de gluten y calorias -->        <div class="info_container">                            <span class="calories">333 <span>kcal</span></span>                <a class="info" title="Producto con 333 kilocalorías" href="javascript:void(0);">                    <span class="info_text">Producto con 333 kilocalorías.</span>                </a>                                                            <img class="info_icon" alt="10% Descuento para suscriptores Condisline Prime" src="//static.condisline.com/resize_39x39/images/product_icons/icon_subscription.png" width="39" height="39">                                            <a class="info" title="10% Descuento para suscriptores Condisline Prime" href="javascript:void(0);">                            <span class="info_text">10% Descuento para suscriptores Condisline Prime</span>                        </a>                                                        <img class="info_icon" alt="Marca propia" src="//static.condisline.com/resize_39x39/images/product_icons/marca_propia.png" width="39" height="39">                                            <a class="info" title="Marca propia" href="javascript:void(0);">                            <span class="info_text">Marca propia</span>                        </a>                                                        </div>        <img class="article_image" alt="GARBANZOS CONDIS EXTRA 1 KG" data-original="//static.condisline.com/resize_190x200/images/catalog/large/104053.jpg" src="//static.condisline.com/resize_190x200/images/catalog/large/104053.jpg" width="190" height="200" style="display: block;">        <meta itemprop="image" content="//static.condisline.com/resize_190x200/images/catalog/large/104053.jpg">        <div class="article_price_container" itemprop="offers" itemscope="" itemtype="http://schema.org/Offer">            <!-- Price -->                                            <span class="article_price" itemprop="price"><span id="list_price_104053">2,49</span></span>                <span class="currency">€</span>                <script>                    formatNumber('2.49', 'list_price_104053');                </script>                        <meta itemprop="priceCurrency" content="EUR">            <div class="unit_container">                                    <a class="substract_button" title="Menos" href="javascript:void(0);">-</a>                                <label class="quantity_container">                                                                        <input class="input_quantity_product" id="item_quantity_104053" type="number" data-product="104053" value="" min="1" max="999" required="" autocomplete="off">                                                            </label>                                    <a class="add_button" title="Más" href="javascript:void(0);">+</a>                    <a class="added_tick" title="Cambiar unidades" href="javascript:void(0);"></a>                            </div>                                                <div class="article_pum">                        <span>      2,49€/Kilo</span>                    </div>                                                                            <a data-product-id="104053" class="orange_button btn_add2cart" title="Añadir al carrito" onclick="dataLayer.push({event: 'event_gtm',category:'acciones usuario', action:'a�adir producto desde listado'})" href="javascript:addToCartFromItemList('104053')">AÑADIR AL CARRITO &gt;</a>                                        <span class="added_button">En carrito</span>                                    <a class="white_button" title="Añadir a mi lista" href="javascript:addToListFromItemList('104053')" onclick="dataLayer.push({event: 'event_gtm',category:'acciones usuario', action:'a�adir producto a lista'});">Añadir a mi lista</a>                                </div>                    <a class="article_link" title="Ver ficha de GARBANZOS CONDIS EXTRA 1 KG" href="/GARBANZOS-CONDIS-EXTRA-1-KG_104053_prd_es_ES.jsp" onclick="javascript:callingTaggingEnpoints('')" itemprop="url"></a>                <div class="hover_container">            <div class="hover">                <div class="info_symbol"></div>            </div>        </div>                    </article>            </li>                    <li class="article" itemprop="itemListElement" itemscope="" itemtype="http://schema.org/Product">                    <article class="article_container" id="item_description_121395">            <a class="article_name" title="Ver ficha de CANELONES EL PAVO FÁCIL 125 G" href="/CANELONES-EL-PAVO-FACIL-125-G_121395_prd_es_ES.jsp" itemprop="url"><span itemprop="name" id="description_text">CANELONES EL PAVO FÁCIL 125 G</span></a>            <!--informacion de gluten y calorias -->        <div class="info_container">                            <span class="calories">360 <span>kcal</span></span>                <a class="info" title="Producto con 360 kilocalorías" href="javascript:void(0);">                    <span class="info_text">Producto con 360 kilocalorías.</span>                </a>                                                            <img class="info_icon" alt="10% Descuento para suscriptores Condisline Prime" src="//static.condisline.com/resize_39x39/images/product_icons/icon_subscription.png" width="39" height="39">                                            <a class="info" title="10% Descuento para suscriptores Condisline Prime" href="javascript:void(0);">                            <span class="info_text">10% Descuento para suscriptores Condisline Prime</span>                        </a>                                                        </div>        <img class="article_image" alt="CANELONES EL PAVO FÁCIL 125 G" data-original="//static.condisline.com/resize_190x200/images/catalog/large/121395.jpg" src="//static.condisline.com/resize_190x200/images/catalog/large/121395.jpg" width="190" height="200" style="display: block;">        <meta itemprop="image" content="//static.condisline.com/resize_190x200/images/catalog/large/121395.jpg">        <div class="article_price_container" itemprop="offers" itemscope="" itemtype="http://schema.org/Offer">            <!-- Price -->                                            <span class="article_price" itemprop="price"><span id="list_price_121395">1,53</span></span>                <span class="currency">€</span>                <script>                    formatNumber('1.53', 'list_price_121395');                </script>                        <meta itemprop="priceCurrency" content="EUR">            <div class="unit_container">                                    <a class="substract_button" title="Menos" href="javascript:void(0);">-</a>                                <label class="quantity_container">                                                                        <input class="input_quantity_product" id="item_quantity_121395" type="number" data-product="121395" value="" min="1" max="999" required="" autocomplete="off">                                                            </label>                                    <a class="add_button" title="Más" href="javascript:void(0);">+</a>                    <a class="added_tick" title="Cambiar unidades" href="javascript:void(0);"></a>                            </div>                                                <div class="article_pum">                        <span>     12,24€/Kilo</span>                    </div>                                                                            <a data-product-id="121395" class="orange_button btn_add2cart" title="Añadir al carrito" onclick="dataLayer.push({event: 'event_gtm',category:'acciones usuario', action:'a�adir producto desde listado'})" href="javascript:addToCartFromItemList('121395')">AÑADIR AL CARRITO &gt;</a>                                        <span class="added_button">En carrito</span>                                    <a class="white_button" title="Añadir a mi lista" href="javascript:addToListFromItemList('121395')" onclick="dataLayer.push({event: 'event_gtm',category:'acciones usuario', action:'a�adir producto a lista'});">Añadir a mi lista</a>                                </div>                    <a class="article_link" title="Ver ficha de CANELONES EL PAVO FÁCIL 125 G" href="/CANELONES-EL-PAVO-FACIL-125-G_121395_prd_es_ES.jsp" onclick="javascript:callingTaggingEnpoints('')" itemprop="url"></a>                <div class="hover_container">            <div class="hover">                <div class="info_symbol"></div>            </div>        </div>                    </article>            </li>                    <li class="article" itemprop="itemListElement" itemscope="" itemtype="http://schema.org/Product">                    <article class="article_container" id="item_description_122072">            <a class="article_name" title="Ver ficha de MACARRONES CONDIS ECO INTEGRALES 500 G" href="/MACARRONES-CONDIS-ECO-INTEGRALES-500-G_122072_prd_es_ES.jsp" itemprop="url"><span itemprop="name" id="description_text">MACARRONES CONDIS ECO INTEGRALES 500 G</span></a>            <!--informacion de gluten y calorias -->        <div class="info_container">                            <span class="calories">345 <span>kcal</span></span>                <a class="info" title="Producto con 345 kilocalorías" href="javascript:void(0);">                    <span class="info_text">Producto con 345 kilocalorías.</span>                </a>                                                            <img class="info_icon" alt="10% Descuento para suscriptores Condisline Prime" src="//static.condisline.com/resize_39x39/images/product_icons/icon_subscription.png" width="39" height="39">                                            <a class="info" title="10% Descuento para suscriptores Condisline Prime" href="javascript:void(0);">                            <span class="info_text">10% Descuento para suscriptores Condisline Prime</span>                        </a>                                                        <img class="info_icon" alt="Producto ecológico" src="//static.condisline.com/resize_39x39/images/product_icons/icon_eco.jpg" width="39" height="39">                                            <a class="info" title="Producto ecológico" href="javascript:void(0);">                            <span class="info_text">Producto ecológico</span>                        </a>                                                        <img class="info_icon" alt="Marca propia" src="//static.condisline.com/resize_39x39/images/product_icons/marca_propia.png" width="39" height="39">                                            <a class="info" title="Marca propia" href="javascript:void(0);">                            <span class="info_text">Marca propia</span>                        </a>                                                        </div>        <img class="article_image" alt="MACARRONES CONDIS ECO INTEGRALES 500 G" data-original="//static.condisline.com/resize_190x200/images/catalog/large/122072.jpg" src="//static.condisline.com/resize_190x200/images/catalog/large/122072.jpg" width="190" height="200" style="display: block;">        <meta itemprop="image" content="//static.condisline.com/resize_190x200/images/catalog/large/122072.jpg">        <div class="article_price_container" itemprop="offers" itemscope="" itemtype="http://schema.org/Offer">            <!-- Price -->                                            <span class="article_price" itemprop="price"><span id="list_price_122072">2,55</span></span>                <span class="currency">€</span>                <script>                    formatNumber('2.55', 'list_price_122072');                </script>                        <meta itemprop="priceCurrency" content="EUR">            <div class="unit_container">                                    <a class="substract_button" title="Menos" href="javascript:void(0);">-</a>                                <label class="quantity_container">                                                                        <input class="input_quantity_product" id="item_quantity_122072" type="number" data-product="122072" value="" min="1" max="999" required="" autocomplete="off">                                                            </label>                                    <a class="add_button" title="Más" href="javascript:void(0);">+</a>                    <a class="added_tick" title="Cambiar unidades" href="javascript:void(0);"></a>                            </div>                                                <div class="article_pum">                        <span>      5,10€/Kilo</span>                    </div>                                                                            <a data-product-id="122072" class="orange_button btn_add2cart" title="Añadir al carrito" onclick="dataLayer.push({event: 'event_gtm',category:'acciones usuario', action:'a�adir producto desde listado'})" href="javascript:addToCartFromItemList('122072')">AÑADIR AL CARRITO &gt;</a>                                        <span class="added_button">En carrito</span>                                    <a class="white_button" title="Añadir a mi lista" href="javascript:addToListFromItemList('122072')" onclick="dataLayer.push({event: 'event_gtm',category:'acciones usuario', action:'a�adir producto a lista'});">Añadir a mi lista</a>                                </div>                    <a class="article_link" title="Ver ficha de MACARRONES CONDIS ECO INTEGRALES 500 G" href="/MACARRONES-CONDIS-ECO-INTEGRALES-500-G_122072_prd_es_ES.jsp" onclick="javascript:callingTaggingEnpoints('')" itemprop="url"></a>                <div class="hover_container">            <div class="hover">                <div class="info_symbol"></div>            </div>        </div>                    </article>            </li>                    <li class="article" itemprop="itemListElement" itemscope="" itemtype="http://schema.org/Product">                    <article class="article_container" id="item_description_123263">            <a class="article_name" title="Ver ficha de SEMOLA NOMEN TRIGO 500 G" href="/SEMOLA-NOMEN-TRIGO-500-G_123263_prd_es_ES.jsp" itemprop="url"><span itemprop="name" id="description_text">SEMOLA NOMEN TRIGO 500 G</span></a>            <!--informacion de gluten y calorias -->        <div class="info_container">                                                            <img class="info_icon" alt="10% Descuento para suscriptores Condisline Prime" src="//static.condisline.com/resize_39x39/images/product_icons/icon_subscription.png" width="39" height="39">                                            <a class="info" title="10% Descuento para suscriptores Condisline Prime" href="javascript:void(0);">                            <span class="info_text">10% Descuento para suscriptores Condisline Prime</span>                        </a>                                                        </div>        <img class="article_image" alt="SEMOLA NOMEN TRIGO 500 G" data-original="//static.condisline.com/resize_190x200/images/catalog/large/123263.jpg" src="//static.condisline.com/resize_190x200/images/catalog/large/123263.jpg" width="190" height="200" style="display: block;">        <meta itemprop="image" content="//static.condisline.com/resize_190x200/images/catalog/large/123263.jpg">        <div class="article_price_container" itemprop="offers" itemscope="" itemtype="http://schema.org/Offer">            <!-- Price -->                                            <span class="article_price" itemprop="price"><span id="list_price_123263">1,49</span></span>                <span class="currency">€</span>                <script>                    formatNumber('1.49', 'list_price_123263');                </script>                        <meta itemprop="priceCurrency" content="EUR">            <div class="unit_container">                                    <a class="substract_button" title="Menos" href="javascript:void(0);">-</a>                                <label class="quantity_container">                                                                        <input class="input_quantity_product" id="item_quantity_123263" type="number" data-product="123263" value="" min="1" max="999" required="" autocomplete="off">                                                            </label>                                    <a class="add_button" title="Más" href="javascript:void(0);">+</a>                    <a class="added_tick" title="Cambiar unidades" href="javascript:void(0);"></a>                            </div>                                                <div class="article_pum">                        <span>      2,98€/Kilo</span>                    </div>                                                                            <a data-product-id="123263" class="orange_button btn_add2cart" title="Añadir al carrito" onclick="dataLayer.push({event: 'event_gtm',category:'acciones usuario', action:'a�adir producto desde listado'})" href="javascript:addToCartFromItemList('123263')">AÑADIR AL CARRITO &gt;</a>                                        <span class="added_button">En carrito</span>                                    <a class="white_button" title="Añadir a mi lista" href="javascript:addToListFromItemList('123263')" onclick="dataLayer.push({event: 'event_gtm',category:'acciones usuario', action:'a�adir producto a lista'});">Añadir a mi lista</a>                                </div>                    <a class="article_link" title="Ver ficha de SEMOLA NOMEN TRIGO 500 G" href="/SEMOLA-NOMEN-TRIGO-500-G_123263_prd_es_ES.jsp" onclick="javascript:callingTaggingEnpoints('')" itemprop="url"></a>                <div class="hover_container">            <div class="hover">                <div class="info_symbol"></div>            </div>        </div>                    </article>            </li>                    <li class="article" itemprop="itemListElement" itemscope="" itemtype="http://schema.org/Product">                    <article class="article_container" id="item_description_121144">            <a class="article_name" title="Ver ficha de PLACAS GALLO CANELONES 20 UNIDADES 160 G" href="/PLACAS-GALLO-CANELONES-20-UNIDADES-160-G_121144_prd_es_ES.jsp" itemprop="url"><span itemprop="name" id="description_text">PLACAS GALLO CANELONES 20 UNIDADES 160 G</span></a>            <!--informacion de gluten y calorias -->        <div class="info_container">                            <span class="calories">362 <span>kcal</span></span>                <a class="info" title="Producto con 362 kilocalorías" href="javascript:void(0);">                    <span class="info_text">Producto con 362 kilocalorías.</span>                </a>                                                            <img class="info_icon" alt="10% Descuento para suscriptores Condisline Prime" src="//static.condisline.com/resize_39x39/images/product_icons/icon_subscription.png" width="39" height="39">                                            <a class="info" title="10% Descuento para suscriptores Condisline Prime" href="javascript:void(0);">                            <span class="info_text">10% Descuento para suscriptores Condisline Prime</span>                        </a>                                                        </div>        <img class="article_image" alt="PLACAS GALLO CANELONES 20 UNIDADES 160 G" data-original="//static.condisline.com/resize_190x200/images/catalog/large/121144.jpg" src="//static.condisline.com/resize_190x200/images/catalog/large/121144.jpg" width="190" height="200" style="display: block;">        <meta itemprop="image" content="//static.condisline.com/resize_190x200/images/catalog/large/121144.jpg">        <div class="article_price_container" itemprop="offers" itemscope="" itemtype="http://schema.org/Offer">            <!-- Price -->                                            <span class="article_price" itemprop="price"><span id="list_price_121144">0,83</span></span>                <span class="currency">€</span>                <script>                    formatNumber('0.83', 'list_price_121144');                </script>                        <meta itemprop="priceCurrency" content="EUR">            <div class="unit_container">                                    <a class="substract_button" title="Menos" href="javascript:void(0);">-</a>                                <label class="quantity_container">                                                                        <input class="input_quantity_product" id="item_quantity_121144" type="number" data-product="121144" value="" min="1" max="999" required="" autocomplete="off">                                                            </label>                                    <a class="add_button" title="Más" href="javascript:void(0);">+</a>                    <a class="added_tick" title="Cambiar unidades" href="javascript:void(0);"></a>                            </div>                                                <div class="article_pum">                        <span>      5,19€/Kilo</span>                    </div>                                                                            <a data-product-id="121144" class="orange_button btn_add2cart" title="Añadir al carrito" onclick="dataLayer.push({event: 'event_gtm',category:'acciones usuario', action:'a�adir producto desde listado'})" href="javascript:addToCartFromItemList('121144')">AÑADIR AL CARRITO &gt;</a>                                        <span class="added_button">En carrito</span>                                    <a class="white_button" title="Añadir a mi lista" href="javascript:addToListFromItemList('121144')" onclick="dataLayer.push({event: 'event_gtm',category:'acciones usuario', action:'a�adir producto a lista'});">Añadir a mi lista</a>                                </div>                    <a class="article_link" title="Ver ficha de PLACAS GALLO CANELONES 20 UNIDADES 160 G" href="/PLACAS-GALLO-CANELONES-20-UNIDADES-160-G_121144_prd_es_ES.jsp" onclick="javascript:callingTaggingEnpoints('')" itemprop="url"></a>                <div class="hover_container">            <div class="hover">                <div class="info_symbol"></div>            </div>        </div>                    </article>            </li>                    <li class="article" itemprop="itemListElement" itemscope="" itemtype="http://schema.org/Product">                    <article class="article_container" id="item_description_104041">            <a class="article_name" title="Ver ficha de SOJA LUENGO TEXTURIZADA 200 G" href="/SOJA-LUENGO-TEXTURIZADA-200-G_104041_prd_es_ES.jsp" itemprop="url"><span itemprop="name" id="description_text">SOJA LUENGO TEXTURIZADA 200 G</span></a>            <!--informacion de gluten y calorias -->        <div class="info_container">                            <span class="calories">361 <span>kcal</span></span>                <a class="info" title="Producto con 361 kilocalorías" href="javascript:void(0);">                    <span class="info_text">Producto con 361 kilocalorías.</span>                </a>                                                            <img class="info_icon" alt="10% Descuento para suscriptores Condisline Prime" src="//static.condisline.com/resize_39x39/images/product_icons/icon_subscription.png" width="39" height="39">                                            <a class="info" title="10% Descuento para suscriptores Condisline Prime" href="javascript:void(0);">                            <span class="info_text">10% Descuento para suscriptores Condisline Prime</span>                        </a>                                                        </div>        <img class="article_image" alt="SOJA LUENGO TEXTURIZADA 200 G" data-original="//static.condisline.com/resize_190x200/images/catalog/large/104041.jpg" src="//static.condisline.com/resize_190x200/images/catalog/large/104041.jpg" width="190" height="200" style="display: block;">        <meta itemprop="image" content="//static.condisline.com/resize_190x200/images/catalog/large/104041.jpg">        <div class="article_price_container" itemprop="offers" itemscope="" itemtype="http://schema.org/Offer">            <!-- Price -->                                            <span class="article_price" itemprop="price"><span id="list_price_104041">2,75</span></span>                <span class="currency">€</span>                <script>                    formatNumber('2.75', 'list_price_104041');                </script>                        <meta itemprop="priceCurrency" content="EUR">            <div class="unit_container">                                    <a class="substract_button" title="Menos" href="javascript:void(0);">-</a>                                <label class="quantity_container">                                                                        <input class="input_quantity_product" id="item_quantity_104041" type="number" data-product="104041" value="" min="1" max="999" required="" autocomplete="off">                                                            </label>                                    <a class="add_button" title="Más" href="javascript:void(0);">+</a>                    <a class="added_tick" title="Cambiar unidades" href="javascript:void(0);"></a>                            </div>                                                <div class="article_pum">                        <span>     13,75€/Kilo</span>                    </div>                                                                            <a data-product-id="104041" class="orange_button btn_add2cart" title="Añadir al carrito" onclick="dataLayer.push({event: 'event_gtm',category:'acciones usuario', action:'a�adir producto desde listado'})" href="javascript:addToCartFromItemList('104041')">AÑADIR AL CARRITO &gt;</a>                                        <span class="added_button">En carrito</span>                                    <a class="white_button" title="Añadir a mi lista" href="javascript:addToListFromItemList('104041')" onclick="dataLayer.push({event: 'event_gtm',category:'acciones usuario', action:'a�adir producto a lista'});">Añadir a mi lista</a>                                </div>                    <a class="article_link" title="Ver ficha de SOJA LUENGO TEXTURIZADA 200 G" href="/SOJA-LUENGO-TEXTURIZADA-200-G_104041_prd_es_ES.jsp" onclick="javascript:callingTaggingEnpoints('')" itemprop="url"></a>                <div class="hover_container">            <div class="hover">                <div class="info_symbol"></div>            </div>        </div>                    </article>            </li>                    <li class="article" itemprop="itemListElement" itemscope="" itemtype="http://schema.org/Product">                    <article class="article_container" id="item_description_722343">            <a class="article_name" title="Ver ficha de ALUBIAS LUENGO PINTAS 500 G" href="/ALUBIAS-LUENGO-PINTAS-500-G_722343_prd_es_ES.jsp" itemprop="url"><span itemprop="name" id="description_text">ALUBIAS LUENGO PINTAS 500 G</span></a>            <!--informacion de gluten y calorias -->        <div class="info_container">                            <span class="calories">293 <span>kcal</span></span>                <a class="info" title="Producto con 293 kilocalorías" href="javascript:void(0);">                    <span class="info_text">Producto con 293 kilocalorías.</span>                </a>                                                            <img class="info_icon" alt="10% Descuento para suscriptores Condisline Prime" src="//static.condisline.com/resize_39x39/images/product_icons/icon_subscription.png" width="39" height="39">                                            <a class="info" title="10% Descuento para suscriptores Condisline Prime" href="javascript:void(0);">                            <span class="info_text">10% Descuento para suscriptores Condisline Prime</span>                        </a>                                                        </div>        <img class="article_image" alt="ALUBIAS LUENGO PINTAS 500 G" data-original="//static.condisline.com/resize_190x200/images/catalog/large/722343.jpg" src="//static.condisline.com/resize_190x200/images/catalog/large/722343.jpg" width="190" height="200" style="display: block;">        <meta itemprop="image" content="//static.condisline.com/resize_190x200/images/catalog/large/722343.jpg">        <div class="article_price_container" itemprop="offers" itemscope="" itemtype="http://schema.org/Offer">            <!-- Price -->                                            <span class="article_price" itemprop="price"><span id="list_price_722343">2,07</span></span>                <span class="currency">€</span>                <script>                    formatNumber('2.07', 'list_price_722343');                </script>                        <meta itemprop="priceCurrency" content="EUR">            <div class="unit_container">                                    <a class="substract_button" title="Menos" href="javascript:void(0);">-</a>                                <label class="quantity_container">                                                                        <input class="input_quantity_product" id="item_quantity_722343" type="number" data-product="722343" value="" min="1" max="999" required="" autocomplete="off">                                                            </label>                                    <a class="add_button" title="Más" href="javascript:void(0);">+</a>                    <a class="added_tick" title="Cambiar unidades" href="javascript:void(0);"></a>                            </div>                                                <div class="article_pum">                        <span>      4,14€/Kilo</span>                    </div>                                                                            <a data-product-id="722343" class="orange_button btn_add2cart" title="Añadir al carrito" onclick="dataLayer.push({event: 'event_gtm',category:'acciones usuario', action:'a�adir producto desde listado'})" href="javascript:addToCartFromItemList('722343')">AÑADIR AL CARRITO &gt;</a>                                        <span class="added_button">En carrito</span>                                    <a class="white_button" title="Añadir a mi lista" href="javascript:addToListFromItemList('722343')" onclick="dataLayer.push({event: 'event_gtm',category:'acciones usuario', action:'a�adir producto a lista'});">Añadir a mi lista</a>                                </div>                    <a class="article_link" title="Ver ficha de ALUBIAS LUENGO PINTAS 500 G" href="/ALUBIAS-LUENGO-PINTAS-500-G_722343_prd_es_ES.jsp" onclick="javascript:callingTaggingEnpoints('')" itemprop="url"></a>                <div class="hover_container">            <div class="hover">                <div class="info_symbol"></div>            </div>        </div>                    </article>            </li>        <!--    </ul> --><!--    <ul id="carousel_articles" class="articles_list" itemscope="" itemtype="http://schema.org/ItemList"> -->                    <li class="article" itemprop="itemListElement" itemscope="" itemtype="http://schema.org/Product">                    <article class="article_container" id="item_description_122096">            <a class="article_name" title="Ver ficha de ESPAGUETIS CONDIS ECO INTEGRALES 500 G" href="/ESPAGUETIS-CONDIS-ECO-INTEGRALES-500-G_122096_prd_es_ES.jsp" itemprop="url"><span itemprop="name" id="description_text">ESPAGUETIS CONDIS ECO INTEGRALES 500 G</span></a>            <!--informacion de gluten y calorias -->        <div class="info_container">                            <span class="calories">345 <span>kcal</span></span>                <a class="info" title="Producto con 345 kilocalorías" href="javascript:void(0);">                    <span class="info_text">Producto con 345 kilocalorías.</span>                </a>                                                            <img class="info_icon" alt="10% Descuento para suscriptores Condisline Prime" src="//static.condisline.com/resize_39x39/images/product_icons/icon_subscription.png" width="39" height="39">                                            <a class="info" title="10% Descuento para suscriptores Condisline Prime" href="javascript:void(0);">                            <span class="info_text">10% Descuento para suscriptores Condisline Prime</span>                        </a>                                                        <img class="info_icon" alt="Producto ecológico" src="//static.condisline.com/resize_39x39/images/product_icons/icon_eco.jpg" width="39" height="39">                                            <a class="info" title="Producto ecológico" href="javascript:void(0);">                            <span class="info_text">Producto ecológico</span>                        </a>                                                        <img class="info_icon" alt="Marca propia" src="//static.condisline.com/resize_39x39/images/product_icons/marca_propia.png" width="39" height="39">                                            <a class="info" title="Marca propia" href="javascript:void(0);">                            <span class="info_text">Marca propia</span>                        </a>                                                        </div>        <img class="article_image" alt="ESPAGUETIS CONDIS ECO INTEGRALES 500 G" data-original="//static.condisline.com/resize_190x200/images/catalog/large/122096.jpg" src="//static.condisline.com/resize_190x200/images/catalog/large/122096.jpg" width="190" height="200" style="display: block;">        <meta itemprop="image" content="//static.condisline.com/resize_190x200/images/catalog/large/122096.jpg">        <div class="article_price_container" itemprop="offers" itemscope="" itemtype="http://schema.org/Offer">            <!-- Price -->                                            <span class="article_price" itemprop="price"><span id="list_price_122096">2,55</span></span>                <span class="currency">€</span>                <script>                    formatNumber('2.55', 'list_price_122096');                </script>                        <meta itemprop="priceCurrency" content="EUR">            <div class="unit_container">                                    <a class="substract_button" title="Menos" href="javascript:void(0);">-</a>                                <label class="quantity_container">                                                                        <input class="input_quantity_product" id="item_quantity_122096" type="number" data-product="122096" value="" min="1" max="999" required="" autocomplete="off">                                                            </label>                                    <a class="add_button" title="Más" href="javascript:void(0);">+</a>                    <a class="added_tick" title="Cambiar unidades" href="javascript:void(0);"></a>                            </div>                                                <div class="article_pum">                        <span>      5,10€/Kilo</span>                    </div>                                                                            <a data-product-id="122096" class="orange_button btn_add2cart" title="Añadir al carrito" onclick="dataLayer.push({event: 'event_gtm',category:'acciones usuario', action:'a�adir producto desde listado'})" href="javascript:addToCartFromItemList('122096')">AÑADIR AL CARRITO &gt;</a>                                        <span class="added_button">En carrito</span>                                    <a class="white_button" title="Añadir a mi lista" href="javascript:addToListFromItemList('122096')" onclick="dataLayer.push({event: 'event_gtm',category:'acciones usuario', action:'a�adir producto a lista'});">Añadir a mi lista</a>                                </div>                    <a class="article_link" title="Ver ficha de ESPAGUETIS CONDIS ECO INTEGRALES 500 G" href="/ESPAGUETIS-CONDIS-ECO-INTEGRALES-500-G_122096_prd_es_ES.jsp" onclick="javascript:callingTaggingEnpoints('')" itemprop="url"></a>                <div class="hover_container">            <div class="hover">                <div class="info_symbol"></div>            </div>        </div>                    </article>            </li>                    <li class="article" itemprop="itemListElement" itemscope="" itemtype="http://schema.org/Product">                    <article class="article_container" id="item_description_122080">            <a class="article_name" title="Ver ficha de PASTA GALLO DISNEY MICKEY 300 G" href="/PASTA-GALLO-DISNEY-MICKEY-300-G_122080_prd_es_ES.jsp" itemprop="url"><span itemprop="name" id="description_text">PASTA GALLO DISNEY MICKEY 300 G</span></a>            <!--informacion de gluten y calorias -->        <div class="info_container">                            <span class="calories">344 <span>kcal</span></span>                <a class="info" title="Producto con 344 kilocalorías" href="javascript:void(0);">                    <span class="info_text">Producto con 344 kilocalorías.</span>                </a>                                                            <img class="info_icon" alt="10% Descuento para suscriptores Condisline Prime" src="//static.condisline.com/resize_39x39/images/product_icons/icon_subscription.png" width="39" height="39">                                            <a class="info" title="10% Descuento para suscriptores Condisline Prime" href="javascript:void(0);">                            <span class="info_text">10% Descuento para suscriptores Condisline Prime</span>                        </a>                                                        </div>        <img class="article_image" alt="PASTA GALLO DISNEY MICKEY 300 G" data-original="//static.condisline.com/resize_190x200/images/catalog/large/122080.jpg" src="//static.condisline.com/resize_190x200/images/catalog/large/122080.jpg" width="190" height="200" style="display: block;">        <meta itemprop="image" content="//static.condisline.com/resize_190x200/images/catalog/large/122080.jpg">        <div class="article_price_container" itemprop="offers" itemscope="" itemtype="http://schema.org/Offer">            <!-- Price -->                                            <span class="article_price" itemprop="price"><span id="list_price_122080">2,20</span></span>                <span class="currency">€</span>                <script>                    formatNumber('2.2', 'list_price_122080');                </script>                        <meta itemprop="priceCurrency" content="EUR">            <div class="unit_container">                                    <a class="substract_button" title="Menos" href="javascript:void(0);">-</a>                                <label class="quantity_container">                                                                        <input class="input_quantity_product" id="item_quantity_122080" type="number" data-product="122080" value="" min="1" max="999" required="" autocomplete="off">                                                            </label>                                    <a class="add_button" title="Más" href="javascript:void(0);">+</a>                    <a class="added_tick" title="Cambiar unidades" href="javascript:void(0);"></a>                            </div>                                                <div class="article_pum">                        <span>      7,33€/Kilo</span>                    </div>                                                                            <a data-product-id="122080" class="orange_button btn_add2cart" title="Añadir al carrito" onclick="dataLayer.push({event: 'event_gtm',category:'acciones usuario', action:'a�adir producto desde listado'})" href="javascript:addToCartFromItemList('122080')">AÑADIR AL CARRITO &gt;</a>                                        <span class="added_button">En carrito</span>                                    <a class="white_button" title="Añadir a mi lista" href="javascript:addToListFromItemList('122080')" onclick="dataLayer.push({event: 'event_gtm',category:'acciones usuario', action:'a�adir producto a lista'});">Añadir a mi lista</a>                                </div>                    <a class="article_link" title="Ver ficha de PASTA GALLO DISNEY MICKEY 300 G" href="/PASTA-GALLO-DISNEY-MICKEY-300-G_122080_prd_es_ES.jsp" onclick="javascript:callingTaggingEnpoints('')" itemprop="url"></a>                <div class="hover_container">            <div class="hover">                <div class="info_symbol"></div>            </div>        </div>                    </article>            </li>                    <li class="article" itemprop="itemListElement" itemscope="" itemtype="http://schema.org/Product">                    <article class="article_container" id="item_description_122009">            <a class="article_name" title="Ver ficha de SEMILLAS SOL NATURA SESAMO TOSTADO 500 G" href="/SEMILLAS-SOL-NATURA-SESAMO-TOSTADO-500-G_122009_prd_es_ES.jsp" itemprop="url"><span itemprop="name" id="description_text">SEMILLAS SOL NATURA SESAMO TOSTADO 500 G</span></a>            <!--informacion de gluten y calorias -->        <div class="info_container">                                                            <img class="info_icon" alt="10% Descuento para suscriptores Condisline Prime" src="//static.condisline.com/resize_39x39/images/product_icons/icon_subscription.png" width="39" height="39">                                            <a class="info" title="10% Descuento para suscriptores Condisline Prime" href="javascript:void(0);">                            <span class="info_text">10% Descuento para suscriptores Condisline Prime</span>                        </a>                                                        <img class="info_icon" alt="Producto ecológico" src="//static.condisline.com/resize_39x39/images/product_icons/icon_eco.jpg" width="39" height="39">                                            <a class="info" title="Producto ecológico" href="javascript:void(0);">                            <span class="info_text">Producto ecológico</span>                        </a>                                                        </div>        <img class="article_image" alt="SEMILLAS SOL NATURA SESAMO TOSTADO 500 G" data-original="//static.condisline.com/resize_190x200/images/catalog/large/122009.jpg" src="//static.condisline.com/resize_190x200/images/catalog/large/122009.jpg" width="190" height="200" style="display: block;">        <meta itemprop="image" content="//static.condisline.com/resize_190x200/images/catalog/large/122009.jpg">        <div class="article_price_container" itemprop="offers" itemscope="" itemtype="http://schema.org/Offer">            <!-- Price -->                                            <span class="article_price" itemprop="price"><span id="list_price_122009">5,59</span></span>                <span class="currency">€</span>                <script>                    formatNumber('5.59', 'list_price_122009');                </script>                        <meta itemprop="priceCurrency" content="EUR">            <div class="unit_container">                                    <a class="substract_button" title="Menos" href="javascript:void(0);">-</a>                                <label class="quantity_container">                                                                        <input class="input_quantity_product" id="item_quantity_122009" type="number" data-product="122009" value="" min="1" max="999" required="" autocomplete="off">                                                            </label>                                    <a class="add_button" title="Más" href="javascript:void(0);">+</a>                    <a class="added_tick" title="Cambiar unidades" href="javascript:void(0);"></a>                            </div>                                                <div class="article_pum">                        <span>     11,18€/Kilo</span>                    </div>                                                                            <a data-product-id="122009" class="orange_button btn_add2cart" title="Añadir al carrito" onclick="dataLayer.push({event: 'event_gtm',category:'acciones usuario', action:'a�adir producto desde listado'})" href="javascript:addToCartFromItemList('122009')">AÑADIR AL CARRITO &gt;</a>                                        <span class="added_button">En carrito</span>                                    <a class="white_button" title="Añadir a mi lista" href="javascript:addToListFromItemList('122009')" onclick="dataLayer.push({event: 'event_gtm',category:'acciones usuario', action:'a�adir producto a lista'});">Añadir a mi lista</a>                                </div>                    <a class="article_link" title="Ver ficha de SEMILLAS SOL NATURA SESAMO TOSTADO 500 G" href="/SEMILLAS-SOL-NATURA-SESAMO-TOSTADO-500-G_122009_prd_es_ES.jsp" onclick="javascript:callingTaggingEnpoints('')" itemprop="url"></a>                <div class="hover_container">            <div class="hover">                <div class="info_symbol"></div>            </div>        </div>                    </article>            </li>                    <li class="article" itemprop="itemListElement" itemscope="" itemtype="http://schema.org/Product">                    <article class="article_container" id="item_description_121985">            <a class="article_name" title="Ver ficha de LASAÑA GALLO PLACAS HORNO 224 G" href="/LASANA-GALLO-PLACAS-HORNO-224-G_121985_prd_es_ES.jsp" itemprop="url"><span itemprop="name" id="description_text">LASAÑA GALLO PLACAS HORNO 224 G</span></a>            <!--informacion de gluten y calorias -->        <div class="info_container">                            <span class="calories">370 <span>kcal</span></span>                <a class="info" title="Producto con 370 kilocalorías" href="javascript:void(0);">                    <span class="info_text">Producto con 370 kilocalorías.</span>                </a>                                                            <img class="info_icon" alt="10% Descuento para suscriptores Condisline Prime" src="//static.condisline.com/resize_39x39/images/product_icons/icon_subscription.png" width="39" height="39">                                            <a class="info" title="10% Descuento para suscriptores Condisline Prime" href="javascript:void(0);">                            <span class="info_text">10% Descuento para suscriptores Condisline Prime</span>                        </a>                                                        </div>        <img class="article_image" alt="LASAÑA GALLO PLACAS HORNO 224 G" data-original="//static.condisline.com/resize_190x200/images/catalog/large/121985.jpg" src="//static.condisline.com/resize_190x200/images/catalog/large/121985.jpg" width="190" height="200" style="display: block;">        <meta itemprop="image" content="//static.condisline.com/resize_190x200/images/catalog/large/121985.jpg">        <div class="article_price_container" itemprop="offers" itemscope="" itemtype="http://schema.org/Offer">            <!-- Price -->                                            <span class="article_price" itemprop="price"><span id="list_price_121985">1,75</span></span>                <span class="currency">€</span>                <script>                    formatNumber('1.75', 'list_price_121985');                </script>                        <meta itemprop="priceCurrency" content="EUR">            <div class="unit_container">                                    <a class="substract_button" title="Menos" href="javascript:void(0);">-</a>                                <label class="quantity_container">                                                                        <input class="input_quantity_product" id="item_quantity_121985" type="number" data-product="121985" value="" min="1" max="999" required="" autocomplete="off">                                                            </label>                                    <a class="add_button" title="Más" href="javascript:void(0);">+</a>                    <a class="added_tick" title="Cambiar unidades" href="javascript:void(0);"></a>                            </div>                                                <div class="article_pum">                        <span>      7,81€/Kilo</span>                    </div>                                                                            <a data-product-id="121985" class="orange_button btn_add2cart" title="Añadir al carrito" onclick="dataLayer.push({event: 'event_gtm',category:'acciones usuario', action:'a�adir producto desde listado'})" href="javascript:addToCartFromItemList('121985')">AÑADIR AL CARRITO &gt;</a>                                        <span class="added_button">En carrito</span>                                    <a class="white_button" title="Añadir a mi lista" href="javascript:addToListFromItemList('121985')" onclick="dataLayer.push({event: 'event_gtm',category:'acciones usuario', action:'a�adir producto a lista'});">Añadir a mi lista</a>                                </div>                    <a class="article_link" title="Ver ficha de LASAÑA GALLO PLACAS HORNO 224 G" href="/LASANA-GALLO-PLACAS-HORNO-224-G_121985_prd_es_ES.jsp" onclick="javascript:callingTaggingEnpoints('')" itemprop="url"></a>                <div class="hover_container">            <div class="hover">                <div class="info_symbol"></div>            </div>        </div>                    </article>            </li>                    <li class="article" itemprop="itemListElement" itemscope="" itemtype="http://schema.org/Product">                    <article class="article_container" id="item_description_191280">            <a class="article_name" title="Ver ficha de LENTEJA  PARDINA ECO 500 G" href="/LENTEJA-PARDINA-ECO-500-G_191280_prd_es_ES.jsp" itemprop="url"><span itemprop="name" id="description_text">LENTEJA  PARDINA ECO 500 G</span></a>            <!--informacion de gluten y calorias -->        <div class="info_container">                                                            <img class="info_icon" alt="10% Descuento para suscriptores Condisline Prime" src="//static.condisline.com/resize_39x39/images/product_icons/icon_subscription.png" width="39" height="39">                                            <a class="info" title="10% Descuento para suscriptores Condisline Prime" href="javascript:void(0);">                            <span class="info_text">10% Descuento para suscriptores Condisline Prime</span>                        </a>                                                        <img class="info_icon" alt="Producto ecológico" src="//static.condisline.com/resize_39x39/images/product_icons/icon_eco.jpg" width="39" height="39">                                            <a class="info" title="Producto ecológico" href="javascript:void(0);">                            <span class="info_text">Producto ecológico</span>                        </a>                                                        </div>        <img class="article_image" alt="LENTEJA  PARDINA ECO 500 G" data-original="//static.condisline.com/resize_190x200/images/catalog/large/191280.jpg" src="//static.condisline.com/resize_190x200/images/catalog/large/191280.jpg" width="190" height="200" style="display: block;">        <meta itemprop="image" content="//static.condisline.com/resize_190x200/images/catalog/large/191280.jpg">        <div class="article_price_container" itemprop="offers" itemscope="" itemtype="http://schema.org/Offer">            <!-- Price -->                                            <span class="article_price" itemprop="price"><span id="list_price_191280">4,79</span></span>                <span class="currency">€</span>                <script>                    formatNumber('4.79', 'list_price_191280');                </script>                        <meta itemprop="priceCurrency" content="EUR">            <div class="unit_container">                                    <a class="substract_button" title="Menos" href="javascript:void(0);">-</a>                                <label class="quantity_container">                                                                        <input class="input_quantity_product" id="item_quantity_191280" type="number" data-product="191280" value="" min="1" max="999" required="" autocomplete="off">                                                            </label>                                    <a class="add_button" title="Más" href="javascript:void(0);">+</a>                    <a class="added_tick" title="Cambiar unidades" href="javascript:void(0);"></a>                            </div>                                                <div class="article_pum">                        <span>      9,58€/Kilo</span>                    </div>                                                                            <a data-product-id="191280" class="orange_button btn_add2cart" title="Añadir al carrito" onclick="dataLayer.push({event: 'event_gtm',category:'acciones usuario', action:'a�adir producto desde listado'})" href="javascript:addToCartFromItemList('191280')">AÑADIR AL CARRITO &gt;</a>                                        <span class="added_button">En carrito</span>                                    <a class="white_button" title="Añadir a mi lista" href="javascript:addToListFromItemList('191280')" onclick="dataLayer.push({event: 'event_gtm',category:'acciones usuario', action:'a�adir producto a lista'});">Añadir a mi lista</a>                                </div>                    <a class="article_link" title="Ver ficha de LENTEJA  PARDINA ECO 500 G" href="/LENTEJA-PARDINA-ECO-500-G_191280_prd_es_ES.jsp" onclick="javascript:callingTaggingEnpoints('')" itemprop="url"></a>                <div class="hover_container">            <div class="hover">                <div class="info_symbol"></div>            </div>        </div>                    </article>            </li>                    <li class="article" itemprop="itemListElement" itemscope="" itemtype="http://schema.org/Product">                    <article class="article_container" id="item_description_122081">            <a class="article_name" title="Ver ficha de PASTA GALLO DISNEY FROZEN 300 G" href="/PASTA-GALLO-DISNEY-FROZEN-300-G_122081_prd_es_ES.jsp" itemprop="url"><span itemprop="name" id="description_text">PASTA GALLO DISNEY FROZEN 300 G</span></a>            <!--informacion de gluten y calorias -->        <div class="info_container">                            <span class="calories">344 <span>kcal</span></span>                <a class="info" title="Producto con 344 kilocalorías" href="javascript:void(0);">                    <span class="info_text">Producto con 344 kilocalorías.</span>                </a>                                                            <img class="info_icon" alt="10% Descuento para suscriptores Condisline Prime" src="//static.condisline.com/resize_39x39/images/product_icons/icon_subscription.png" width="39" height="39">                                            <a class="info" title="10% Descuento para suscriptores Condisline Prime" href="javascript:void(0);">                            <span class="info_text">10% Descuento para suscriptores Condisline Prime</span>                        </a>                                                        </div>        <img class="article_image" alt="PASTA GALLO DISNEY FROZEN 300 G" data-original="//static.condisline.com/resize_190x200/images/catalog/large/122081.jpg" src="//static.condisline.com/resize_190x200/images/catalog/large/122081.jpg" width="190" height="200" style="display: block;">        <meta itemprop="image" content="//static.condisline.com/resize_190x200/images/catalog/large/122081.jpg">        <div class="article_price_container" itemprop="offers" itemscope="" itemtype="http://schema.org/Offer">            <!-- Price -->                                            <span class="article_price" itemprop="price"><span id="list_price_122081">2,20</span></span>                <span class="currency">€</span>                <script>                    formatNumber('2.2', 'list_price_122081');                </script>                        <meta itemprop="priceCurrency" content="EUR">            <div class="unit_container">                                    <a class="substract_button" title="Menos" href="javascript:void(0);">-</a>                                <label class="quantity_container">                                                                        <input class="input_quantity_product" id="item_quantity_122081" type="number" data-product="122081" value="" min="1" max="999" required="" autocomplete="off">                                                            </label>                                    <a class="add_button" title="Más" href="javascript:void(0);">+</a>                    <a class="added_tick" title="Cambiar unidades" href="javascript:void(0);"></a>                            </div>                                                <div class="article_pum">                        <span>      7,33€/Kilo</span>                    </div>                                                                            <a data-product-id="122081" class="orange_button btn_add2cart" title="Añadir al carrito" onclick="dataLayer.push({event: 'event_gtm',category:'acciones usuario', action:'a�adir producto desde listado'})" href="javascript:addToCartFromItemList('122081')">AÑADIR AL CARRITO &gt;</a>                                        <span class="added_button">En carrito</span>                                    <a class="white_button" title="Añadir a mi lista" href="javascript:addToListFromItemList('122081')" onclick="dataLayer.push({event: 'event_gtm',category:'acciones usuario', action:'a�adir producto a lista'});">Añadir a mi lista</a>                                </div>                    <a class="article_link" title="Ver ficha de PASTA GALLO DISNEY FROZEN 300 G" href="/PASTA-GALLO-DISNEY-FROZEN-300-G_122081_prd_es_ES.jsp" onclick="javascript:callingTaggingEnpoints('')" itemprop="url"></a>                <div class="hover_container">            <div class="hover">                <div class="info_symbol"></div>            </div>        </div>                    </article>            </li>                    <li class="article" itemprop="itemListElement" itemscope="" itemtype="http://schema.org/Product">                    <article class="article_container" id="item_description_121798">            <a class="article_name" title="Ver ficha de FIDEOS CASA AMELLA N.0 INTEGRALES ESPELT 250 G" href="/FIDEOS-CASA-AMELLA-N-0-INTEGRALES-ESPELT-250-G_121798_prd_es_ES.jsp" itemprop="url"><span itemprop="name" id="description_text">FIDEOS CASA AMELLA N.0 INTEGRALES ESPELT 250 G</span></a>            <!--informacion de gluten y calorias -->        <div class="info_container">                                                            <img class="info_icon" alt="10% Descuento para suscriptores Condisline Prime" src="//static.condisline.com/resize_39x39/images/product_icons/icon_subscription.png" width="39" height="39">                                            <a class="info" title="10% Descuento para suscriptores Condisline Prime" href="javascript:void(0);">                            <span class="info_text">10% Descuento para suscriptores Condisline Prime</span>                        </a>                                                        <img class="info_icon" alt="Producto ecológico" src="//static.condisline.com/resize_39x39/images/product_icons/icon_eco.jpg" width="39" height="39">                                            <a class="info" title="Producto ecológico" href="javascript:void(0);">                            <span class="info_text">Producto ecológico</span>                        </a>                                                        </div>        <img class="article_image" alt="FIDEOS CASA AMELLA N.0 INTEGRALES ESPELT 250 G" data-original="//static.condisline.com/resize_190x200/images/catalog/large/121798.jpg" src="//static.condisline.com/resize_190x200/images/catalog/large/121798.jpg" width="190" height="200" style="display: block;">        <meta itemprop="image" content="//static.condisline.com/resize_190x200/images/catalog/large/121798.jpg">        <div class="article_price_container" itemprop="offers" itemscope="" itemtype="http://schema.org/Offer">            <!-- Price -->                                            <span class="article_price" itemprop="price"><span id="list_price_121798">2,99</span></span>                <span class="currency">€</span>                <script>                    formatNumber('2.99', 'list_price_121798');                </script>                        <meta itemprop="priceCurrency" content="EUR">            <div class="unit_container">                                    <a class="substract_button" title="Menos" href="javascript:void(0);">-</a>                                <label class="quantity_container">                                                                        <input class="input_quantity_product" id="item_quantity_121798" type="number" data-product="121798" value="" min="1" max="999" required="" autocomplete="off">                                                            </label>                                    <a class="add_button" title="Más" href="javascript:void(0);">+</a>                    <a class="added_tick" title="Cambiar unidades" href="javascript:void(0);"></a>                            </div>                                                <div class="article_pum">                        <span>     11,96€/Kilo</span>                    </div>                                                                            <a data-product-id="121798" class="orange_button btn_add2cart" title="Añadir al carrito" onclick="dataLayer.push({event: 'event_gtm',category:'acciones usuario', action:'a�adir producto desde listado'})" href="javascript:addToCartFromItemList('121798')">AÑADIR AL CARRITO &gt;</a>                                        <span class="added_button">En carrito</span>                                    <a class="white_button" title="Añadir a mi lista" href="javascript:addToListFromItemList('121798')" onclick="dataLayer.push({event: 'event_gtm',category:'acciones usuario', action:'a�adir producto a lista'});">Añadir a mi lista</a>                                </div>                    <a class="article_link" title="Ver ficha de FIDEOS CASA AMELLA N.0 INTEGRALES ESPELT 250 G" href="/FIDEOS-CASA-AMELLA-N-0-INTEGRALES-ESPELT-250-G_121798_prd_es_ES.jsp" onclick="javascript:callingTaggingEnpoints('')" itemprop="url"></a>                <div class="hover_container">            <div class="hover">                <div class="info_symbol"></div>            </div>        </div>                    </article>            </li>                    <li class="article" itemprop="itemListElement" itemscope="" itemtype="http://schema.org/Product">                    <article class="article_container" id="item_description_121796">            <a class="article_name" title="Ver ficha de MACARRONES CASA AMELLA INTEGRALES ESPELTA 250 G" href="/MACARRONES-CASA-AMELLA-INTEGRALES-ESPELTA-250-G_121796_prd_es_ES.jsp" itemprop="url"><span itemprop="name" id="description_text">MACARRONES CASA AMELLA INTEGRALES ESPELTA 250 G</span></a>            <!--informacion de gluten y calorias -->        <div class="info_container">                                                            <img class="info_icon" alt="10% Descuento para suscriptores Condisline Prime" src="//static.condisline.com/resize_39x39/images/product_icons/icon_subscription.png" width="39" height="39">                                            <a class="info" title="10% Descuento para suscriptores Condisline Prime" href="javascript:void(0);">                            <span class="info_text">10% Descuento para suscriptores Condisline Prime</span>                        </a>                                                        <img class="info_icon" alt="Producto ecológico" src="//static.condisline.com/resize_39x39/images/product_icons/icon_eco.jpg" width="39" height="39">                                            <a class="info" title="Producto ecológico" href="javascript:void(0);">                            <span class="info_text">Producto ecológico</span>                        </a>                                                        </div>        <img class="article_image" alt="MACARRONES CASA AMELLA INTEGRALES ESPELTA 250 G" data-original="//static.condisline.com/resize_190x200/images/catalog/large/121796.jpg" src="//static.condisline.com/resize_190x200/images/catalog/large/121796.jpg" width="190" height="200" style="display: block;">        <meta itemprop="image" content="//static.condisline.com/resize_190x200/images/catalog/large/121796.jpg">        <div class="article_price_container" itemprop="offers" itemscope="" itemtype="http://schema.org/Offer">            <!-- Price -->                                            <span class="article_price" itemprop="price"><span id="list_price_121796">2,99</span></span>                <span class="currency">€</span>                <script>                    formatNumber('2.99', 'list_price_121796');                </script>                        <meta itemprop="priceCurrency" content="EUR">            <div class="unit_container">                                    <a class="substract_button" title="Menos" href="javascript:void(0);">-</a>                                <label class="quantity_container">                                                                        <input class="input_quantity_product" id="item_quantity_121796" type="number" data-product="121796" value="" min="1" max="999" required="" autocomplete="off">                                                            </label>                                    <a class="add_button" title="Más" href="javascript:void(0);">+</a>                    <a class="added_tick" title="Cambiar unidades" href="javascript:void(0);"></a>                            </div>                                                <div class="article_pum">                        <span>     11,96€/Kilo</span>                    </div>                                                                            <a data-product-id="121796" class="orange_button btn_add2cart" title="Añadir al carrito" onclick="dataLayer.push({event: 'event_gtm',category:'acciones usuario', action:'a�adir producto desde listado'})" href="javascript:addToCartFromItemList('121796')">AÑADIR AL CARRITO &gt;</a>                                        <span class="added_button">En carrito</span>                                    <a class="white_button" title="Añadir a mi lista" href="javascript:addToListFromItemList('121796')" onclick="dataLayer.push({event: 'event_gtm',category:'acciones usuario', action:'a�adir producto a lista'});">Añadir a mi lista</a>                                </div>                    <a class="article_link" title="Ver ficha de MACARRONES CASA AMELLA INTEGRALES ESPELTA 250 G" href="/MACARRONES-CASA-AMELLA-INTEGRALES-ESPELTA-250-G_121796_prd_es_ES.jsp" onclick="javascript:callingTaggingEnpoints('')" itemprop="url"></a>                <div class="hover_container">            <div class="hover">                <div class="info_symbol"></div>            </div>        </div>                    </article>            </li>                    <li class="article" itemprop="itemListElement" itemscope="" itemtype="http://schema.org/Product">                    <article class="article_container" id="item_description_121086">            <a class="article_name" title="Ver ficha de CANELONES EL PAVO  20 UNIDADES" href="/CANELONES-EL-PAVO-20-UNIDADES_121086_prd_es_ES.jsp" itemprop="url"><span itemprop="name" id="description_text">CANELONES EL PAVO  20 UNIDADES</span></a>            <!--informacion de gluten y calorias -->        <div class="info_container">                            <span class="calories">360 <span>kcal</span></span>                <a class="info" title="Producto con 360 kilocalorías" href="javascript:void(0);">                    <span class="info_text">Producto con 360 kilocalorías.</span>                </a>                                                            <img class="info_icon" alt="10% Descuento para suscriptores Condisline Prime" src="//static.condisline.com/resize_39x39/images/product_icons/icon_subscription.png" width="39" height="39">                                            <a class="info" title="10% Descuento para suscriptores Condisline Prime" href="javascript:void(0);">                            <span class="info_text">10% Descuento para suscriptores Condisline Prime</span>                        </a>                                                        </div>        <img class="article_image" alt="CANELONES EL PAVO  20 UNIDADES" data-original="//static.condisline.com/resize_190x200/images/catalog/large/121086.jpg" src="//static.condisline.com/resize_190x200/images/catalog/large/121086.jpg" width="190" height="200" style="display: block;">        <meta itemprop="image" content="//static.condisline.com/resize_190x200/images/catalog/large/121086.jpg">        <div class="article_price_container" itemprop="offers" itemscope="" itemtype="http://schema.org/Offer">            <!-- Price -->                                            <span class="article_price" itemprop="price"><span id="list_price_121086">1,25</span></span>                <span class="currency">€</span>                <script>                    formatNumber('1.25', 'list_price_121086');                </script>                        <meta itemprop="priceCurrency" content="EUR">            <div class="unit_container">                                    <a class="substract_button" title="Menos" href="javascript:void(0);">-</a>                                <label class="quantity_container">                                                                        <input class="input_quantity_product" id="item_quantity_121086" type="number" data-product="121086" value="" min="1" max="999" required="" autocomplete="off">                                                            </label>                                    <a class="add_button" title="Más" href="javascript:void(0);">+</a>                    <a class="added_tick" title="Cambiar unidades" href="javascript:void(0);"></a>                            </div>                                                <div class="article_pum">                        <span>     10,00€/Kilo</span>                    </div>                                                                            <a data-product-id="121086" class="orange_button btn_add2cart" title="Añadir al carrito" onclick="dataLayer.push({event: 'event_gtm',category:'acciones usuario', action:'a�adir producto desde listado'})" href="javascript:addToCartFromItemList('121086')">AÑADIR AL CARRITO &gt;</a>                                        <span class="added_button">En carrito</span>                                    <a class="white_button" title="Añadir a mi lista" href="javascript:addToListFromItemList('121086')" onclick="dataLayer.push({event: 'event_gtm',category:'acciones usuario', action:'a�adir producto a lista'});">Añadir a mi lista</a>                                </div>                    <a class="article_link" title="Ver ficha de CANELONES EL PAVO  20 UNIDADES" href="/CANELONES-EL-PAVO-20-UNIDADES_121086_prd_es_ES.jsp" onclick="javascript:callingTaggingEnpoints('')" itemprop="url"></a>                <div class="hover_container">            <div class="hover">                <div class="info_symbol"></div>            </div>        </div>                    </article>            </li>                    <li class="article" itemprop="itemListElement" itemscope="" itemtype="http://schema.org/Product">                    <article class="article_container" id="item_description_103066">            <a class="article_name" title="Ver ficha de ARROZ SEO FOOD INTEGRAL ECOLO 1 KG" href="/ARROZ-SEO-FOOD-INTEGRAL-ECOLO-1-KG_103066_prd_es_ES.jsp" itemprop="url"><span itemprop="name" id="description_text">ARROZ SEO FOOD INTEGRAL ECOLO 1 KG</span></a>            <!--informacion de gluten y calorias -->        <div class="info_container">                                                            <img class="info_icon" alt="10% Descuento para suscriptores Condisline Prime" src="//static.condisline.com/resize_39x39/images/product_icons/icon_subscription.png" width="39" height="39">                                            <a class="info" title="10% Descuento para suscriptores Condisline Prime" href="javascript:void(0);">                            <span class="info_text">10% Descuento para suscriptores Condisline Prime</span>                        </a>                                                        <img class="info_icon" alt="Producto ecológico" src="//static.condisline.com/resize_39x39/images/product_icons/icon_eco.jpg" width="39" height="39">                                            <a class="info" title="Producto ecológico" href="javascript:void(0);">                            <span class="info_text">Producto ecológico</span>                        </a>                                                        </div>        <img class="article_image" alt="ARROZ SEO FOOD INTEGRAL ECOLO 1 KG" data-original="//static.condisline.com/resize_190x200/images/catalog/large/103066.jpg" src="//static.condisline.com/resize_190x200/images/catalog/large/103066.jpg" width="190" height="200" style="display: block;">        <meta itemprop="image" content="//static.condisline.com/resize_190x200/images/catalog/large/103066.jpg">        <div class="article_price_container" itemprop="offers" itemscope="" itemtype="http://schema.org/Offer">            <!-- Price -->                                            <span class="article_price" itemprop="price"><span id="list_price_103066">6,75</span></span>                <span class="currency">€</span>                <script>                    formatNumber('6.75', 'list_price_103066');                </script>                        <meta itemprop="priceCurrency" content="EUR">            <div class="unit_container">                                    <a class="substract_button" title="Menos" href="javascript:void(0);">-</a>                                <label class="quantity_container">                                                                        <input class="input_quantity_product" id="item_quantity_103066" type="number" data-product="103066" value="" min="1" max="999" required="" autocomplete="off">                                                            </label>                                    <a class="add_button" title="Más" href="javascript:void(0);">+</a>                    <a class="added_tick" title="Cambiar unidades" href="javascript:void(0);"></a>                            </div>                                                <div class="article_pum">                        <span>      6,75€/Kilo</span>                    </div>                                                                            <a data-product-id="103066" class="orange_button btn_add2cart" title="Añadir al carrito" onclick="dataLayer.push({event: 'event_gtm',category:'acciones usuario', action:'a�adir producto desde listado'})" href="javascript:addToCartFromItemList('103066')">AÑADIR AL CARRITO &gt;</a>                                        <span class="added_button">En carrito</span>                                    <a class="white_button" title="Añadir a mi lista" href="javascript:addToListFromItemList('103066')" onclick="dataLayer.push({event: 'event_gtm',category:'acciones usuario', action:'a�adir producto a lista'});">Añadir a mi lista</a>                                </div>                    <a class="article_link" title="Ver ficha de ARROZ SEO FOOD INTEGRAL ECOLO 1 KG" href="/ARROZ-SEO-FOOD-INTEGRAL-ECOLO-1-KG_103066_prd_es_ES.jsp" onclick="javascript:callingTaggingEnpoints('')" itemprop="url"></a>                <div class="hover_container">            <div class="hover">                <div class="info_symbol"></div>            </div>        </div>                    </article>            </li>                    <li class="article" itemprop="itemListElement" itemscope="" itemtype="http://schema.org/Product">                    <article class="article_container" id="item_description_724378">            <a class="article_name" title="Ver ficha de ALUBIAS LUENGO BLANCAS 500 G" href="/ALUBIAS-LUENGO-BLANCAS-500-G_724378_prd_es_ES.jsp" itemprop="url"><span itemprop="name" id="description_text">ALUBIAS LUENGO BLANCAS 500 G</span></a>            <!--informacion de gluten y calorias -->        <div class="info_container">                            <span class="calories">292 <span>kcal</span></span>                <a class="info" title="Producto con 292 kilocalorías" href="javascript:void(0);">                    <span class="info_text">Producto con 292 kilocalorías.</span>                </a>                                                            <img class="info_icon" alt="10% Descuento para suscriptores Condisline Prime" src="//static.condisline.com/resize_39x39/images/product_icons/icon_subscription.png" width="39" height="39">                                            <a class="info" title="10% Descuento para suscriptores Condisline Prime" href="javascript:void(0);">                            <span class="info_text">10% Descuento para suscriptores Condisline Prime</span>                        </a>                                                        </div>        <img class="article_image" alt="ALUBIAS LUENGO BLANCAS 500 G" data-original="//static.condisline.com/resize_190x200/images/catalog/large/724378.jpg" src="//static.condisline.com/resize_190x200/images/catalog/large/724378.jpg" width="190" height="200" style="display: block;">        <meta itemprop="image" content="//static.condisline.com/resize_190x200/images/catalog/large/724378.jpg">        <div class="article_price_container" itemprop="offers" itemscope="" itemtype="http://schema.org/Offer">            <!-- Price -->                                            <span class="article_price" itemprop="price"><span id="list_price_724378">2,07</span></span>                <span class="currency">€</span>                <script>                    formatNumber('2.07', 'list_price_724378');                </script>                        <meta itemprop="priceCurrency" content="EUR">            <div class="unit_container">                                    <a class="substract_button" title="Menos" href="javascript:void(0);">-</a>                                <label class="quantity_container">                                                                        <input class="input_quantity_product" id="item_quantity_724378" type="number" data-product="724378" value="" min="1" max="999" required="" autocomplete="off">                                                            </label>                                    <a class="add_button" title="Más" href="javascript:void(0);">+</a>                    <a class="added_tick" title="Cambiar unidades" href="javascript:void(0);"></a>                            </div>                                                <div class="article_pum">                        <span>      4,14€/Kilo</span>                    </div>                                                                            <a data-product-id="724378" class="orange_button btn_add2cart" title="Añadir al carrito" onclick="dataLayer.push({event: 'event_gtm',category:'acciones usuario', action:'a�adir producto desde listado'})" href="javascript:addToCartFromItemList('724378')">AÑADIR AL CARRITO &gt;</a>                                        <span class="added_button">En carrito</span>                                    <a class="white_button" title="Añadir a mi lista" href="javascript:addToListFromItemList('724378')" onclick="dataLayer.push({event: 'event_gtm',category:'acciones usuario', action:'a�adir producto a lista'});">Añadir a mi lista</a>                                </div>                    <a class="article_link" title="Ver ficha de ALUBIAS LUENGO BLANCAS 500 G" href="/ALUBIAS-LUENGO-BLANCAS-500-G_724378_prd_es_ES.jsp" onclick="javascript:callingTaggingEnpoints('')" itemprop="url"></a>                <div class="hover_container">            <div class="hover">                <div class="info_symbol"></div>            </div>        </div>                    </article>            </li>                    <li class="article" itemprop="itemListElement" itemscope="" itemtype="http://schema.org/Product">                    <article class="article_container" id="item_description_125375">            <a class="article_name" title="Ver ficha de PASTA GALLO TIBURÓN SIN GLUTEN 450 G" href="/PASTA-GALLO-TIBURON-SIN-GLUTEN-450-G_125375_prd_es_ES.jsp" itemprop="url"><span itemprop="name" id="description_text">PASTA GALLO TIBURÓN SIN GLUTEN 450 G</span></a>            <!--informacion de gluten y calorias -->        <div class="info_container">                            <span class="calories">362 <span>kcal</span></span>                <a class="info" title="Producto con 362 kilocalorías" href="javascript:void(0);">                    <span class="info_text">Producto con 362 kilocalorías.</span>                </a>                                                            <img class="info_icon" alt="10% Descuento para suscriptores Condisline Prime" src="//static.condisline.com/resize_39x39/images/product_icons/icon_subscription.png" width="39" height="39">                                            <a class="info" title="10% Descuento para suscriptores Condisline Prime" href="javascript:void(0);">                            <span class="info_text">10% Descuento para suscriptores Condisline Prime</span>                        </a>                                                        <img class="info_icon" alt="Producto sin gluten" src="//static.condisline.com/resize_39x39/images/product_icons/no_gluten.png" width="39" height="39">                                            <a class="info" title="Producto sin gluten" href="javascript:void(0);">                            <span class="info_text">Producto sin gluten</span>                        </a>                                                        </div>        <img class="article_image" alt="PASTA GALLO TIBURÓN SIN GLUTEN 450 G" data-original="//static.condisline.com/resize_190x200/images/catalog/large/125375.jpg" src="//static.condisline.com/resize_190x200/images/catalog/large/125375.jpg" width="190" height="200" style="display: block;">        <meta itemprop="image" content="//static.condisline.com/resize_190x200/images/catalog/large/125375.jpg">        <div class="article_price_container" itemprop="offers" itemscope="" itemtype="http://schema.org/Offer">            <!-- Price -->                                            <span class="article_price" itemprop="price"><span id="list_price_125375">2,49</span></span>                <span class="currency">€</span>                <script>                    formatNumber('2.49', 'list_price_125375');                </script>                        <meta itemprop="priceCurrency" content="EUR">            <div class="unit_container">                                    <a class="substract_button" title="Menos" href="javascript:void(0);">-</a>                                <label class="quantity_container">                                                                        <input class="input_quantity_product" id="item_quantity_125375" type="number" data-product="125375" value="" min="1" max="999" required="" autocomplete="off">                                                            </label>                                    <a class="add_button" title="Más" href="javascript:void(0);">+</a>                    <a class="added_tick" title="Cambiar unidades" href="javascript:void(0);"></a>                            </div>                                                <div class="article_pum">                        <span>      5,53€/Kilo</span>                    </div>                                                                            <a data-product-id="125375" class="orange_button btn_add2cart" title="Añadir al carrito" onclick="dataLayer.push({event: 'event_gtm',category:'acciones usuario', action:'a�adir producto desde listado'})" href="javascript:addToCartFromItemList('125375')">AÑADIR AL CARRITO &gt;</a>                                        <span class="added_button">En carrito</span>                                    <a class="white_button" title="Añadir a mi lista" href="javascript:addToListFromItemList('125375')" onclick="dataLayer.push({event: 'event_gtm',category:'acciones usuario', action:'a�adir producto a lista'});">Añadir a mi lista</a>                                </div>                    <a class="article_link" title="Ver ficha de PASTA GALLO TIBURÓN SIN GLUTEN 450 G" href="/PASTA-GALLO-TIBURON-SIN-GLUTEN-450-G_125375_prd_es_ES.jsp" onclick="javascript:callingTaggingEnpoints('')" itemprop="url"></a>                <div class="hover_container">            <div class="hover">                <div class="info_symbol"></div>            </div>        </div>                    </article>            </li>                    <li class="article" itemprop="itemListElement" itemscope="" itemtype="http://schema.org/Product">                    <article class="article_container" id="item_description_121799">            <a class="article_name" title="Ver ficha de ESPAGUETIS CASA AMELLA INTEGRALES ESPELTA 250 G" href="/ESPAGUETIS-CASA-AMELLA-INTEGRALES-ESPELTA-250-G_121799_prd_es_ES.jsp" itemprop="url"><span itemprop="name" id="description_text">ESPAGUETIS CASA AMELLA INTEGRALES ESPELTA 250 G</span></a>            <!--informacion de gluten y calorias -->        <div class="info_container">                                                            <img class="info_icon" alt="10% Descuento para suscriptores Condisline Prime" src="//static.condisline.com/resize_39x39/images/product_icons/icon_subscription.png" width="39" height="39">                                            <a class="info" title="10% Descuento para suscriptores Condisline Prime" href="javascript:void(0);">                            <span class="info_text">10% Descuento para suscriptores Condisline Prime</span>                        </a>                                                        <img class="info_icon" alt="Producto ecológico" src="//static.condisline.com/resize_39x39/images/product_icons/icon_eco.jpg" width="39" height="39">                                            <a class="info" title="Producto ecológico" href="javascript:void(0);">                            <span class="info_text">Producto ecológico</span>                        </a>                                                        </div>        <img class="article_image" alt="ESPAGUETIS CASA AMELLA INTEGRALES ESPELTA 250 G" data-original="//static.condisline.com/resize_190x200/images/catalog/large/121799.jpg" src="//static.condisline.com/resize_190x200/images/catalog/large/121799.jpg" width="190" height="200" style="display: block;">        <meta itemprop="image" content="//static.condisline.com/resize_190x200/images/catalog/large/121799.jpg">        <div class="article_price_container" itemprop="offers" itemscope="" itemtype="http://schema.org/Offer">            <!-- Price -->                                            <span class="article_price" itemprop="price"><span id="list_price_121799">2,99</span></span>                <span class="currency">€</span>                <script>                    formatNumber('2.99', 'list_price_121799');                </script>                        <meta itemprop="priceCurrency" content="EUR">            <div class="unit_container">                                    <a class="substract_button" title="Menos" href="javascript:void(0);">-</a>                                <label class="quantity_container">                                                                        <input class="input_quantity_product" id="item_quantity_121799" type="number" data-product="121799" value="" min="1" max="999" required="" autocomplete="off">                                                            </label>                                    <a class="add_button" title="Más" href="javascript:void(0);">+</a>                    <a class="added_tick" title="Cambiar unidades" href="javascript:void(0);"></a>                            </div>                                                <div class="article_pum">                        <span>     11,96€/Kilo</span>                    </div>                                                                            <a data-product-id="121799" class="orange_button btn_add2cart" title="Añadir al carrito" onclick="dataLayer.push({event: 'event_gtm',category:'acciones usuario', action:'a�adir producto desde listado'})" href="javascript:addToCartFromItemList('121799')">AÑADIR AL CARRITO &gt;</a>                                        <span class="added_button">En carrito</span>                                    <a class="white_button" title="Añadir a mi lista" href="javascript:addToListFromItemList('121799')" onclick="dataLayer.push({event: 'event_gtm',category:'acciones usuario', action:'a�adir producto a lista'});">Añadir a mi lista</a>                                </div>                    <a class="article_link" title="Ver ficha de ESPAGUETIS CASA AMELLA INTEGRALES ESPELTA 250 G" href="/ESPAGUETIS-CASA-AMELLA-INTEGRALES-ESPELTA-250-G_121799_prd_es_ES.jsp" onclick="javascript:callingTaggingEnpoints('')" itemprop="url"></a>                <div class="hover_container">            <div class="hover">                <div class="info_symbol"></div>            </div>        </div>                    </article>            </li>                    <li class="article" itemprop="itemListElement" itemscope="" itemtype="http://schema.org/Product">                    <article class="article_container" id="item_description_121797">            <a class="article_name" title="Ver ficha de ESPIRALES CASA AMELLA INTEGRALES ESPELTA 250 G" href="/ESPIRALES-CASA-AMELLA-INTEGRALES-ESPELTA-250-G_121797_prd_es_ES.jsp" itemprop="url"><span itemprop="name" id="description_text">ESPIRALES CASA AMELLA INTEGRALES ESPELTA 250 G</span></a>            <!--informacion de gluten y calorias -->        <div class="info_container">                                                            <img class="info_icon" alt="10% Descuento para suscriptores Condisline Prime" src="//static.condisline.com/resize_39x39/images/product_icons/icon_subscription.png" width="39" height="39">                                            <a class="info" title="10% Descuento para suscriptores Condisline Prime" href="javascript:void(0);">                            <span class="info_text">10% Descuento para suscriptores Condisline Prime</span>                        </a>                                                        <img class="info_icon" alt="Producto ecológico" src="//static.condisline.com/resize_39x39/images/product_icons/icon_eco.jpg" width="39" height="39">                                            <a class="info" title="Producto ecológico" href="javascript:void(0);">                            <span class="info_text">Producto ecológico</span>                        </a>                                                        </div>        <img class="article_image" alt="ESPIRALES CASA AMELLA INTEGRALES ESPELTA 250 G" data-original="//static.condisline.com/resize_190x200/images/catalog/large/121797.jpg" src="//static.condisline.com/resize_190x200/images/catalog/large/121797.jpg" width="190" height="200" style="display: block;">        <meta itemprop="image" content="//static.condisline.com/resize_190x200/images/catalog/large/121797.jpg">        <div class="article_price_container" itemprop="offers" itemscope="" itemtype="http://schema.org/Offer">            <!-- Price -->                                            <span class="article_price" itemprop="price"><span id="list_price_121797">2,99</span></span>                <span class="currency">€</span>                <script>                    formatNumber('2.99', 'list_price_121797');                </script>                        <meta itemprop="priceCurrency" content="EUR">            <div class="unit_container">                                    <a class="substract_button" title="Menos" href="javascript:void(0);">-</a>                                <label class="quantity_container">                                                                        <input class="input_quantity_product" id="item_quantity_121797" type="number" data-product="121797" value="" min="1" max="999" required="" autocomplete="off">                                                            </label>                                    <a class="add_button" title="Más" href="javascript:void(0);">+</a>                    <a class="added_tick" title="Cambiar unidades" href="javascript:void(0);"></a>                            </div>                                                <div class="article_pum">                        <span>     11,96€/Kilo</span>                    </div>                                                                            <a data-product-id="121797" class="orange_button btn_add2cart" title="Añadir al carrito" onclick="dataLayer.push({event: 'event_gtm',category:'acciones usuario', action:'a�adir producto desde listado'})" href="javascript:addToCartFromItemList('121797')">AÑADIR AL CARRITO &gt;</a>                                        <span class="added_button">En carrito</span>                                    <a class="white_button" title="Añadir a mi lista" href="javascript:addToListFromItemList('121797')" onclick="dataLayer.push({event: 'event_gtm',category:'acciones usuario', action:'a�adir producto a lista'});">Añadir a mi lista</a>                                </div>                    <a class="article_link" title="Ver ficha de ESPIRALES CASA AMELLA INTEGRALES ESPELTA 250 G" href="/ESPIRALES-CASA-AMELLA-INTEGRALES-ESPELTA-250-G_121797_prd_es_ES.jsp" onclick="javascript:callingTaggingEnpoints('')" itemprop="url"></a>                <div class="hover_container">            <div class="hover">                <div class="info_symbol"></div>            </div>        </div>                    </article>            </li>                    <li class="article" itemprop="itemListElement" itemscope="" itemtype="http://schema.org/Product">                    <article class="article_container" id="item_description_104037">            <a class="article_name" title="Ver ficha de ALUBIAS LUENGO BLANCAS 1 KG" href="/ALUBIAS-LUENGO-BLANCAS-1-KG_104037_prd_es_ES.jsp" itemprop="url"><span itemprop="name" id="description_text">ALUBIAS LUENGO BLANCAS 1 KG</span></a>            <!--informacion de gluten y calorias -->        <div class="info_container">                            <span class="calories">292 <span>kcal</span></span>                <a class="info" title="Producto con 292 kilocalorías" href="javascript:void(0);">                    <span class="info_text">Producto con 292 kilocalorías.</span>                </a>                                                            <img class="info_icon" alt="10% Descuento para suscriptores Condisline Prime" src="//static.condisline.com/resize_39x39/images/product_icons/icon_subscription.png" width="39" height="39">                                            <a class="info" title="10% Descuento para suscriptores Condisline Prime" href="javascript:void(0);">                            <span class="info_text">10% Descuento para suscriptores Condisline Prime</span>                        </a>                                                        </div>        <img class="article_image" alt="ALUBIAS LUENGO BLANCAS 1 KG" data-original="//static.condisline.com/resize_190x200/images/catalog/large/104037.jpg" src="//static.condisline.com/resize_190x200/images/catalog/large/104037.jpg" width="190" height="200" style="display: block;">        <meta itemprop="image" content="//static.condisline.com/resize_190x200/images/catalog/large/104037.jpg">        <div class="article_price_container" itemprop="offers" itemscope="" itemtype="http://schema.org/Offer">            <!-- Price -->                                            <span class="article_price" itemprop="price"><span id="list_price_104037">3,91</span></span>                <span class="currency">€</span>                <script>                    formatNumber('3.91', 'list_price_104037');                </script>                        <meta itemprop="priceCurrency" content="EUR">            <div class="unit_container">                                    <a class="substract_button" title="Menos" href="javascript:void(0);">-</a>                                <label class="quantity_container">                                                                        <input class="input_quantity_product" id="item_quantity_104037" type="number" data-product="104037" value="" min="1" max="999" required="" autocomplete="off">                                                            </label>                                    <a class="add_button" title="Más" href="javascript:void(0);">+</a>                    <a class="added_tick" title="Cambiar unidades" href="javascript:void(0);"></a>                            </div>                                                <div class="article_pum">                        <span>      3,91€/Kilo</span>                    </div>                                                                            <a data-product-id="104037" class="orange_button btn_add2cart" title="Añadir al carrito" onclick="dataLayer.push({event: 'event_gtm',category:'acciones usuario', action:'a�adir producto desde listado'})" href="javascript:addToCartFromItemList('104037')">AÑADIR AL CARRITO &gt;</a>                                        <span class="added_button">En carrito</span>                                    <a class="white_button" title="Añadir a mi lista" href="javascript:addToListFromItemList('104037')" onclick="dataLayer.push({event: 'event_gtm',category:'acciones usuario', action:'a�adir producto a lista'});">Añadir a mi lista</a>                                </div>                    <a class="article_link" title="Ver ficha de ALUBIAS LUENGO BLANCAS 1 KG" href="/ALUBIAS-LUENGO-BLANCAS-1-KG_104037_prd_es_ES.jsp" onclick="javascript:callingTaggingEnpoints('')" itemprop="url"></a>                <div class="hover_container">            <div class="hover">                <div class="info_symbol"></div>            </div>        </div>                    </article>            </li>                    <li class="article" itemprop="itemListElement" itemscope="" itemtype="http://schema.org/Product">                    <article class="article_container" id="item_description_123269">            <a class="article_name" title="Ver ficha de SEMOLA NOMEN ARROZ 500 G" href="/SEMOLA-NOMEN-ARROZ-500-G_123269_prd_es_ES.jsp" itemprop="url"><span itemprop="name" id="description_text">SEMOLA NOMEN ARROZ 500 G</span></a>            <!--informacion de gluten y calorias -->        <div class="info_container">                                                            <img class="info_icon" alt="10% Descuento para suscriptores Condisline Prime" src="//static.condisline.com/resize_39x39/images/product_icons/icon_subscription.png" width="39" height="39">                                            <a class="info" title="10% Descuento para suscriptores Condisline Prime" href="javascript:void(0);">                            <span class="info_text">10% Descuento para suscriptores Condisline Prime</span>                        </a>                                                        </div>        <img class="article_image" alt="SEMOLA NOMEN ARROZ 500 G" data-original="//static.condisline.com/resize_190x200/images/catalog/large/123269.jpg" src="//static.condisline.com/resize_190x200/images/catalog/large/123269.jpg" width="190" height="200" style="display: block;">        <meta itemprop="image" content="//static.condisline.com/resize_190x200/images/catalog/large/123269.jpg">        <div class="article_price_container" itemprop="offers" itemscope="" itemtype="http://schema.org/Offer">            <!-- Price -->                                            <span class="article_price" itemprop="price"><span id="list_price_123269">1,29</span></span>                <span class="currency">€</span>                <script>                    formatNumber('1.29', 'list_price_123269');                </script>                        <meta itemprop="priceCurrency" content="EUR">            <div class="unit_container">                                    <a class="substract_button" title="Menos" href="javascript:void(0);">-</a>                                <label class="quantity_container">                                                                        <input class="input_quantity_product" id="item_quantity_123269" type="number" data-product="123269" value="" min="1" max="999" required="" autocomplete="off">                                                            </label>                                    <a class="add_button" title="Más" href="javascript:void(0);">+</a>                    <a class="added_tick" title="Cambiar unidades" href="javascript:void(0);"></a>                            </div>                                                <div class="article_pum">                        <span>      2,58€/Kilo</span>                    </div>                                                                            <a data-product-id="123269" class="orange_button btn_add2cart" title="Añadir al carrito" onclick="dataLayer.push({event: 'event_gtm',category:'acciones usuario', action:'a�adir producto desde listado'})" href="javascript:addToCartFromItemList('123269')">AÑADIR AL CARRITO &gt;</a>                                        <span class="added_button">En carrito</span>                                    <a class="white_button" title="Añadir a mi lista" href="javascript:addToListFromItemList('123269')" onclick="dataLayer.push({event: 'event_gtm',category:'acciones usuario', action:'a�adir producto a lista'});">Añadir a mi lista</a>                                </div>                    <a class="article_link" title="Ver ficha de SEMOLA NOMEN ARROZ 500 G" href="/SEMOLA-NOMEN-ARROZ-500-G_123269_prd_es_ES.jsp" onclick="javascript:callingTaggingEnpoints('')" itemprop="url"></a>                <div class="hover_container">            <div class="hover">                <div class="info_symbol"></div>            </div>        </div>                    </article>            </li>                    <li class="article" itemprop="itemListElement" itemscope="" itemtype="http://schema.org/Product">                    <article class="article_container" id="item_description_191282">            <a class="article_name" title="Ver ficha de JUDIA  ECO 500 G" href="/JUDIA-ECO-500-G_191282_prd_es_ES.jsp" itemprop="url"><span itemprop="name" id="description_text">JUDIA  ECO 500 G</span></a>            <!--informacion de gluten y calorias -->        <div class="info_container">                                                            <img class="info_icon" alt="10% Descuento para suscriptores Condisline Prime" src="//static.condisline.com/resize_39x39/images/product_icons/icon_subscription.png" width="39" height="39">                                            <a class="info" title="10% Descuento para suscriptores Condisline Prime" href="javascript:void(0);">                            <span class="info_text">10% Descuento para suscriptores Condisline Prime</span>                        </a>                                                        <img class="info_icon" alt="Producto ecológico" src="//static.condisline.com/resize_39x39/images/product_icons/icon_eco.jpg" width="39" height="39">                                            <a class="info" title="Producto ecológico" href="javascript:void(0);">                            <span class="info_text">Producto ecológico</span>                        </a>                                                        </div>        <img class="article_image" alt="JUDIA  ECO 500 G" data-original="//static.condisline.com/resize_190x200/images/catalog/large/191282.jpg" src="//static.condisline.com/resize_190x200/images/catalog/large/191282.jpg" width="190" height="200" style="display: block;">        <meta itemprop="image" content="//static.condisline.com/resize_190x200/images/catalog/large/191282.jpg">        <div class="article_price_container" itemprop="offers" itemscope="" itemtype="http://schema.org/Offer">            <!-- Price -->                                            <span class="article_price" itemprop="price"><span id="list_price_191282">9,79</span></span>                <span class="currency">€</span>                <script>                    formatNumber('9.79', 'list_price_191282');                </script>                        <meta itemprop="priceCurrency" content="EUR">            <div class="unit_container">                                    <a class="substract_button" title="Menos" href="javascript:void(0);">-</a>                                <label class="quantity_container">                                                                        <input class="input_quantity_product" id="item_quantity_191282" type="number" data-product="191282" value="" min="1" max="999" required="" autocomplete="off">                                                            </label>                                    <a class="add_button" title="Más" href="javascript:void(0);">+</a>                    <a class="added_tick" title="Cambiar unidades" href="javascript:void(0);"></a>                            </div>                                                <div class="article_pum">                        <span>     19,58€/Kilo</span>                    </div>                                                                            <a data-product-id="191282" class="orange_button btn_add2cart" title="Añadir al carrito" onclick="dataLayer.push({event: 'event_gtm',category:'acciones usuario', action:'a�adir producto desde listado'})" href="javascript:addToCartFromItemList('191282')">AÑADIR AL CARRITO &gt;</a>                                        <span class="added_button">En carrito</span>                                    <a class="white_button" title="Añadir a mi lista" href="javascript:addToListFromItemList('191282')" onclick="dataLayer.push({event: 'event_gtm',category:'acciones usuario', action:'a�adir producto a lista'});">Añadir a mi lista</a>                                </div>                    <a class="article_link" title="Ver ficha de JUDIA  ECO 500 G" href="/JUDIA-ECO-500-G_191282_prd_es_ES.jsp" onclick="javascript:callingTaggingEnpoints('')" itemprop="url"></a>                <div class="hover_container">            <div class="hover">                <div class="info_symbol"></div>            </div>        </div>                    </article>            </li>                    <li class="article" itemprop="itemListElement" itemscope="" itemtype="http://schema.org/Product">                    <article class="article_container" id="item_description_122011">            <a class="article_name" title="Ver ficha de SEMILLAS SOL NATURAL LINO DORADO ECO 500 G" href="/SEMILLAS-SOL-NATURAL-LINO-DORADO-ECO-500-G_122011_prd_es_ES.jsp" itemprop="url"><span itemprop="name" id="description_text">SEMILLAS SOL NATURAL LINO DORADO ECO 500 G</span></a>            <!--informacion de gluten y calorias -->        <div class="info_container">                                                            <img class="info_icon" alt="10% Descuento para suscriptores Condisline Prime" src="//static.condisline.com/resize_39x39/images/product_icons/icon_subscription.png" width="39" height="39">                                            <a class="info" title="10% Descuento para suscriptores Condisline Prime" href="javascript:void(0);">                            <span class="info_text">10% Descuento para suscriptores Condisline Prime</span>                        </a>                                                        <img class="info_icon" alt="Producto ecológico" src="//static.condisline.com/resize_39x39/images/product_icons/icon_eco.jpg" width="39" height="39">                                            <a class="info" title="Producto ecológico" href="javascript:void(0);">                            <span class="info_text">Producto ecológico</span>                        </a>                                                        </div>        <img class="article_image" alt="SEMILLAS SOL NATURAL LINO DORADO ECO 500 G" data-original="//static.condisline.com/resize_190x200/images/catalog/large/122011.jpg" src="//static.condisline.com/resize_190x200/images/catalog/large/122011.jpg" width="190" height="200" style="display: block;">        <meta itemprop="image" content="//static.condisline.com/resize_190x200/images/catalog/large/122011.jpg">        <div class="article_price_container" itemprop="offers" itemscope="" itemtype="http://schema.org/Offer">            <!-- Price -->                                            <span class="article_price" itemprop="price"><span id="list_price_122011">3,75</span></span>                <span class="currency">€</span>                <script>                    formatNumber('3.75', 'list_price_122011');                </script>                        <meta itemprop="priceCurrency" content="EUR">            <div class="unit_container">                                    <a class="substract_button" title="Menos" href="javascript:void(0);">-</a>                                <label class="quantity_container">                                                                        <input class="input_quantity_product" id="item_quantity_122011" type="number" data-product="122011" value="" min="1" max="999" required="" autocomplete="off">                                                            </label>                                    <a class="add_button" title="Más" href="javascript:void(0);">+</a>                    <a class="added_tick" title="Cambiar unidades" href="javascript:void(0);"></a>                            </div>                                                <div class="article_pum">                        <span>      7,50€/Kilo</span>                    </div>                                                                            <a data-product-id="122011" class="orange_button btn_add2cart" title="Añadir al carrito" onclick="dataLayer.push({event: 'event_gtm',category:'acciones usuario', action:'a�adir producto desde listado'})" href="javascript:addToCartFromItemList('122011')">AÑADIR AL CARRITO &gt;</a>                                        <span class="added_button">En carrito</span>                                    <a class="white_button" title="Añadir a mi lista" href="javascript:addToListFromItemList('122011')" onclick="dataLayer.push({event: 'event_gtm',category:'acciones usuario', action:'a�adir producto a lista'});">Añadir a mi lista</a>                                </div>                    <a class="article_link" title="Ver ficha de SEMILLAS SOL NATURAL LINO DORADO ECO 500 G" href="/SEMILLAS-SOL-NATURAL-LINO-DORADO-ECO-500-G_122011_prd_es_ES.jsp" onclick="javascript:callingTaggingEnpoints('')" itemprop="url"></a>                <div class="hover_container">            <div class="hover">                <div class="info_symbol"></div>            </div>        </div>                    </article>            </li>                    <li class="article" itemprop="itemListElement" itemscope="" itemtype="http://schema.org/Product">                    <article class="article_container" id="item_description_122010">            <a class="article_name" title="Ver ficha de SEMILLAS SOL NATURA CHIA ECOLOGICA 250 G" href="/SEMILLAS-SOL-NATURA-CHIA-ECOLOGICA-250-G_122010_prd_es_ES.jsp" itemprop="url"><span itemprop="name" id="description_text">SEMILLAS SOL NATURA CHIA ECOLOGICA 250 G</span></a>            <!--informacion de gluten y calorias -->        <div class="info_container">                                                            <img class="info_icon" alt="10% Descuento para suscriptores Condisline Prime" src="//static.condisline.com/resize_39x39/images/product_icons/icon_subscription.png" width="39" height="39">                                            <a class="info" title="10% Descuento para suscriptores Condisline Prime" href="javascript:void(0);">                            <span class="info_text">10% Descuento para suscriptores Condisline Prime</span>                        </a>                                                        <img class="info_icon" alt="Producto ecológico" src="//static.condisline.com/resize_39x39/images/product_icons/icon_eco.jpg" width="39" height="39">                                            <a class="info" title="Producto ecológico" href="javascript:void(0);">                            <span class="info_text">Producto ecológico</span>                        </a>                                                        </div>        <img class="article_image" alt="SEMILLAS SOL NATURA CHIA ECOLOGICA 250 G" data-original="//static.condisline.com/resize_190x200/images/catalog/large/122010.jpg" src="//static.condisline.com/resize_190x200/images/catalog/large/122010.jpg" width="190" height="200" style="display: block;">        <meta itemprop="image" content="//static.condisline.com/resize_190x200/images/catalog/large/122010.jpg">        <div class="article_price_container" itemprop="offers" itemscope="" itemtype="http://schema.org/Offer">            <!-- Price -->                                            <span class="article_price" itemprop="price"><span id="list_price_122010">4,45</span></span>                <span class="currency">€</span>                <script>                    formatNumber('4.45', 'list_price_122010');                </script>                        <meta itemprop="priceCurrency" content="EUR">            <div class="unit_container">                                    <a class="substract_button" title="Menos" href="javascript:void(0);">-</a>                                <label class="quantity_container">                                                                        <input class="input_quantity_product" id="item_quantity_122010" type="number" data-product="122010" value="" min="1" max="999" required="" autocomplete="off">                                                            </label>                                    <a class="add_button" title="Más" href="javascript:void(0);">+</a>                    <a class="added_tick" title="Cambiar unidades" href="javascript:void(0);"></a>                            </div>                                                <div class="article_pum">                        <span>     17,80€/Kilo</span>                    </div>                                                                            <a data-product-id="122010" class="orange_button btn_add2cart" title="Añadir al carrito" onclick="dataLayer.push({event: 'event_gtm',category:'acciones usuario', action:'a�adir producto desde listado'})" href="javascript:addToCartFromItemList('122010')">AÑADIR AL CARRITO &gt;</a>                                        <span class="added_button">En carrito</span>                                    <a class="white_button" title="Añadir a mi lista" href="javascript:addToListFromItemList('122010')" onclick="dataLayer.push({event: 'event_gtm',category:'acciones usuario', action:'a�adir producto a lista'});">Añadir a mi lista</a>                                </div>                    <a class="article_link" title="Ver ficha de SEMILLAS SOL NATURA CHIA ECOLOGICA 250 G" href="/SEMILLAS-SOL-NATURA-CHIA-ECOLOGICA-250-G_122010_prd_es_ES.jsp" onclick="javascript:callingTaggingEnpoints('')" itemprop="url"></a>                <div class="hover_container">            <div class="hover">                <div class="info_symbol"></div>            </div>        </div>                    </article>            </li>                    <li class="article" itemprop="itemListElement" itemscope="" itemtype="http://schema.org/Product">                    <article class="article_container" id="item_description_104018">            <a class="article_name" title="Ver ficha de ALUBIA LUENGO NEGRITA 500 G" href="/ALUBIA-LUENGO-NEGRITA-500-G_104018_prd_es_ES.jsp" itemprop="url"><span itemprop="name" id="description_text">ALUBIA LUENGO NEGRITA 500 G</span></a>            <!--informacion de gluten y calorias -->        <div class="info_container">                            <span class="calories">301 <span>kcal</span></span>                <a class="info" title="Producto con 301 kilocalorías" href="javascript:void(0);">                    <span class="info_text">Producto con 301 kilocalorías.</span>                </a>                                                            <img class="info_icon" alt="10% Descuento para suscriptores Condisline Prime" src="//static.condisline.com/resize_39x39/images/product_icons/icon_subscription.png" width="39" height="39">                                            <a class="info" title="10% Descuento para suscriptores Condisline Prime" href="javascript:void(0);">                            <span class="info_text">10% Descuento para suscriptores Condisline Prime</span>                        </a>                                                        </div>        <img class="article_image" alt="ALUBIA LUENGO NEGRITA 500 G" data-original="//static.condisline.com/resize_190x200/images/catalog/large/104018.jpg" src="//static.condisline.com/resize_190x200/images/catalog/large/104018.jpg" width="190" height="200" style="display: block;">        <meta itemprop="image" content="//static.condisline.com/resize_190x200/images/catalog/large/104018.jpg">        <div class="article_price_container" itemprop="offers" itemscope="" itemtype="http://schema.org/Offer">            <!-- Price -->                                            <span class="article_price" itemprop="price"><span id="list_price_104018">1,56</span></span>                <span class="currency">€</span>                <script>                    formatNumber('1.56', 'list_price_104018');                </script>                        <meta itemprop="priceCurrency" content="EUR">            <div class="unit_container">                                    <a class="substract_button" title="Menos" href="javascript:void(0);">-</a>                                <label class="quantity_container">                                                                        <input class="input_quantity_product" id="item_quantity_104018" type="number" data-product="104018" value="" min="1" max="999" required="" autocomplete="off">                                                            </label>                                    <a class="add_button" title="Más" href="javascript:void(0);">+</a>                    <a class="added_tick" title="Cambiar unidades" href="javascript:void(0);"></a>                            </div>                                                <div class="article_pum">                        <span>      3,12€/Kilo</span>                    </div>                                                                            <a data-product-id="104018" class="orange_button btn_add2cart" title="Añadir al carrito" onclick="dataLayer.push({event: 'event_gtm',category:'acciones usuario', action:'a�adir producto desde listado'})" href="javascript:addToCartFromItemList('104018')">AÑADIR AL CARRITO &gt;</a>                                        <span class="added_button">En carrito</span>                                    <a class="white_button" title="Añadir a mi lista" href="javascript:addToListFromItemList('104018')" onclick="dataLayer.push({event: 'event_gtm',category:'acciones usuario', action:'a�adir producto a lista'});">Añadir a mi lista</a>                                </div>                    <a class="article_link" title="Ver ficha de ALUBIA LUENGO NEGRITA 500 G" href="/ALUBIA-LUENGO-NEGRITA-500-G_104018_prd_es_ES.jsp" onclick="javascript:callingTaggingEnpoints('')" itemprop="url"></a>                <div class="hover_container">            <div class="hover">                <div class="info_symbol"></div>            </div>        </div>                    </article>            </li>                    <li class="article" itemprop="itemListElement" itemscope="" itemtype="http://schema.org/Product">                    <article class="article_container" id="item_description_191281">            <a class="article_name" title="Ver ficha de GARBANZOS  ECO 500 G" href="/GARBANZOS-ECO-500-G_191281_prd_es_ES.jsp" itemprop="url"><span itemprop="name" id="description_text">GARBANZOS  ECO 500 G</span></a>            <!--informacion de gluten y calorias -->        <div class="info_container">                                                            <img class="info_icon" alt="10% Descuento para suscriptores Condisline Prime" src="//static.condisline.com/resize_39x39/images/product_icons/icon_subscription.png" width="39" height="39">                                            <a class="info" title="10% Descuento para suscriptores Condisline Prime" href="javascript:void(0);">                            <span class="info_text">10% Descuento para suscriptores Condisline Prime</span>                        </a>                                                        <img class="info_icon" alt="Producto ecológico" src="//static.condisline.com/resize_39x39/images/product_icons/icon_eco.jpg" width="39" height="39">                                            <a class="info" title="Producto ecológico" href="javascript:void(0);">                            <span class="info_text">Producto ecológico</span>                        </a>                                                        </div>        <img class="article_image" alt="GARBANZOS  ECO 500 G" data-original="//static.condisline.com/resize_190x200/images/catalog/large/191281.jpg" src="//static.condisline.com/resize_190x200/images/catalog/large/191281.jpg" width="190" height="200" style="display: block;">        <meta itemprop="image" content="//static.condisline.com/resize_190x200/images/catalog/large/191281.jpg">        <div class="article_price_container" itemprop="offers" itemscope="" itemtype="http://schema.org/Offer">            <!-- Price -->                                            <span class="article_price" itemprop="price"><span id="list_price_191281">4,35</span></span>                <span class="currency">€</span>                <script>                    formatNumber('4.35', 'list_price_191281');                </script>                        <meta itemprop="priceCurrency" content="EUR">            <div class="unit_container">                                    <a class="substract_button" title="Menos" href="javascript:void(0);">-</a>                                <label class="quantity_container">                                                                        <input class="input_quantity_product" id="item_quantity_191281" type="number" data-product="191281" value="" min="1" max="999" required="" autocomplete="off">                                                            </label>                                    <a class="add_button" title="Más" href="javascript:void(0);">+</a>                    <a class="added_tick" title="Cambiar unidades" href="javascript:void(0);"></a>                            </div>                                                <div class="article_pum">                        <span>      8,70€/Kilo</span>                    </div>                                                                            <a data-product-id="191281" class="orange_button btn_add2cart" title="Añadir al carrito" onclick="dataLayer.push({event: 'event_gtm',category:'acciones usuario', action:'a�adir producto desde listado'})" href="javascript:addToCartFromItemList('191281')">AÑADIR AL CARRITO &gt;</a>                                        <span class="added_button">En carrito</span>                                    <a class="white_button" title="Añadir a mi lista" href="javascript:addToListFromItemList('191281')" onclick="dataLayer.push({event: 'event_gtm',category:'acciones usuario', action:'a�adir producto a lista'});">Añadir a mi lista</a>                                </div>                    <a class="article_link" title="Ver ficha de GARBANZOS  ECO 500 G" href="/GARBANZOS-ECO-500-G_191281_prd_es_ES.jsp" onclick="javascript:callingTaggingEnpoints('')" itemprop="url"></a>                <div class="hover_container">            <div class="hover">                <div class="info_symbol"></div>            </div>        </div>                    </article>            </li>                    <li class="article" itemprop="itemListElement" itemscope="" itemtype="http://schema.org/Product">                    <article class="article_container" id="item_description_122136">            <a class="article_name" title="Ver ficha de PASTA GALLO MARVEL SPIDERMAN 300 G" href="/PASTA-GALLO-MARVEL-SPIDERMAN-300-G_122136_prd_es_ES.jsp" itemprop="url"><span itemprop="name" id="description_text">PASTA GALLO MARVEL SPIDERMAN 300 G</span></a>            <!--informacion de gluten y calorias -->        <div class="info_container">                            <span class="calories">344 <span>kcal</span></span>                <a class="info" title="Producto con 344 kilocalorías" href="javascript:void(0);">                    <span class="info_text">Producto con 344 kilocalorías.</span>                </a>                                                            <img class="info_icon" alt="10% Descuento para suscriptores Condisline Prime" src="//static.condisline.com/resize_39x39/images/product_icons/icon_subscription.png" width="39" height="39">                                            <a class="info" title="10% Descuento para suscriptores Condisline Prime" href="javascript:void(0);">                            <span class="info_text">10% Descuento para suscriptores Condisline Prime</span>                        </a>                                                        </div>        <img class="article_image" alt="PASTA GALLO MARVEL SPIDERMAN 300 G" data-original="//static.condisline.com/resize_190x200/images/catalog/large/122136.jpg" src="//static.condisline.com/resize_190x200/images/catalog/large/122136.jpg" width="190" height="200" style="display: block;">        <meta itemprop="image" content="//static.condisline.com/resize_190x200/images/catalog/large/122136.jpg">        <div class="article_price_container" itemprop="offers" itemscope="" itemtype="http://schema.org/Offer">            <!-- Price -->                                            <span class="article_price" itemprop="price"><span id="list_price_122136">2,20</span></span>                <span class="currency">€</span>                <script>                    formatNumber('2.2', 'list_price_122136');                </script>                        <meta itemprop="priceCurrency" content="EUR">            <div class="unit_container">                                    <a class="substract_button" title="Menos" href="javascript:void(0);">-</a>                                <label class="quantity_container">                                                                        <input class="input_quantity_product" id="item_quantity_122136" type="number" data-product="122136" value="" min="1" max="999" required="" autocomplete="off">                                                            </label>                                    <a class="add_button" title="Más" href="javascript:void(0);">+</a>                    <a class="added_tick" title="Cambiar unidades" href="javascript:void(0);"></a>                            </div>                                                <div class="article_pum">                        <span>      7,33€/Kilo</span>                    </div>                                                                            <a data-product-id="122136" class="orange_button btn_add2cart" title="Añadir al carrito" onclick="dataLayer.push({event: 'event_gtm',category:'acciones usuario', action:'a�adir producto desde listado'})" href="javascript:addToCartFromItemList('122136')">AÑADIR AL CARRITO &gt;</a>                                        <span class="added_button">En carrito</span>                                    <a class="white_button" title="Añadir a mi lista" href="javascript:addToListFromItemList('122136')" onclick="dataLayer.push({event: 'event_gtm',category:'acciones usuario', action:'a�adir producto a lista'});">Añadir a mi lista</a>                                </div>                    <a class="article_link" title="Ver ficha de PASTA GALLO MARVEL SPIDERMAN 300 G" href="/PASTA-GALLO-MARVEL-SPIDERMAN-300-G_122136_prd_es_ES.jsp" onclick="javascript:callingTaggingEnpoints('')" itemprop="url"></a>                <div class="hover_container">            <div class="hover">                <div class="info_symbol"></div>            </div>        </div>                    </article>            </li>                    <li class="article" itemprop="itemListElement" itemscope="" itemtype="http://schema.org/Product">                    <article class="article_container" id="item_description_122089">            <a class="article_name" title="Ver ficha de ESPIRALES CONDIS ECO VEGETALES 500 G" href="/ESPIRALES-CONDIS-ECO-VEGETALES-500-G_122089_prd_es_ES.jsp" itemprop="url"><span itemprop="name" id="description_text">ESPIRALES CONDIS ECO VEGETALES 500 G</span></a>            <!--informacion de gluten y calorias -->        <div class="info_container">                            <span class="calories">346 <span>kcal</span></span>                <a class="info" title="Producto con 346 kilocalorías" href="javascript:void(0);">                    <span class="info_text">Producto con 346 kilocalorías.</span>                </a>                                                            <img class="info_icon" alt="10% Descuento para suscriptores Condisline Prime" src="//static.condisline.com/resize_39x39/images/product_icons/icon_subscription.png" width="39" height="39">                                            <a class="info" title="10% Descuento para suscriptores Condisline Prime" href="javascript:void(0);">                            <span class="info_text">10% Descuento para suscriptores Condisline Prime</span>                        </a>                                                        <img class="info_icon" alt="Producto ecológico" src="//static.condisline.com/resize_39x39/images/product_icons/icon_eco.jpg" width="39" height="39">                                            <a class="info" title="Producto ecológico" href="javascript:void(0);">                            <span class="info_text">Producto ecológico</span>                        </a>                                                        <img class="info_icon" alt="Marca propia" src="//static.condisline.com/resize_39x39/images/product_icons/marca_propia.png" width="39" height="39">                                            <a class="info" title="Marca propia" href="javascript:void(0);">                            <span class="info_text">Marca propia</span>                        </a>                                                        </div>        <img class="article_image" alt="ESPIRALES CONDIS ECO VEGETALES 500 G" data-original="//static.condisline.com/resize_190x200/images/catalog/large/122089.jpg" src="//static.condisline.com/resize_190x200/images/catalog/large/122089.jpg" width="190" height="200" style="display: block;">        <meta itemprop="image" content="//static.condisline.com/resize_190x200/images/catalog/large/122089.jpg">        <div class="article_price_container" itemprop="offers" itemscope="" itemtype="http://schema.org/Offer">            <!-- Price -->                                            <span class="article_price" itemprop="price"><span id="list_price_122089">2,59</span></span>                <span class="currency">€</span>                <script>                    formatNumber('2.59', 'list_price_122089');                </script>                        <meta itemprop="priceCurrency" content="EUR">            <div class="unit_container">                                    <a class="substract_button" title="Menos" href="javascript:void(0);">-</a>                                <label class="quantity_container">                                                                        <input class="input_quantity_product" id="item_quantity_122089" type="number" data-product="122089" value="" min="1" max="999" required="" autocomplete="off">                                                            </label>                                    <a class="add_button" title="Más" href="javascript:void(0);">+</a>                    <a class="added_tick" title="Cambiar unidades" href="javascript:void(0);"></a>                            </div>                                                <div class="article_pum">                        <span>      5,18€/Kilo</span>                    </div>                                                                            <a data-product-id="122089" class="orange_button btn_add2cart" title="Añadir al carrito" onclick="dataLayer.push({event: 'event_gtm',category:'acciones usuario', action:'a�adir producto desde listado'})" href="javascript:addToCartFromItemList('122089')">AÑADIR AL CARRITO &gt;</a>                                        <span class="added_button">En carrito</span>                                    <a class="white_button" title="Añadir a mi lista" href="javascript:addToListFromItemList('122089')" onclick="dataLayer.push({event: 'event_gtm',category:'acciones usuario', action:'a�adir producto a lista'});">Añadir a mi lista</a>                                </div>                    <a class="article_link" title="Ver ficha de ESPIRALES CONDIS ECO VEGETALES 500 G" href="/ESPIRALES-CONDIS-ECO-VEGETALES-500-G_122089_prd_es_ES.jsp" onclick="javascript:callingTaggingEnpoints('')" itemprop="url"></a>                <div class="hover_container">            <div class="hover">                <div class="info_symbol"></div>            </div>        </div>                    </article>            </li>                    <li class="article" itemprop="itemListElement" itemscope="" itemtype="http://schema.org/Product">                    <article class="article_container" id="item_description_122086">            <a class="article_name" title="Ver ficha de FIDEOS CONDIS ECO Nº 0 500 G" href="/FIDEOS-CONDIS-ECO-N-0-500-G_122086_prd_es_ES.jsp" itemprop="url"><span itemprop="name" id="description_text">FIDEOS CONDIS ECO Nº 0 500 G</span></a>            <!--informacion de gluten y calorias -->        <div class="info_container">                            <span class="calories">341 <span>kcal</span></span>                <a class="info" title="Producto con 341 kilocalorías" href="javascript:void(0);">                    <span class="info_text">Producto con 341 kilocalorías.</span>                </a>                                                            <img class="info_icon" alt="10% Descuento para suscriptores Condisline Prime" src="//static.condisline.com/resize_39x39/images/product_icons/icon_subscription.png" width="39" height="39">                                            <a class="info" title="10% Descuento para suscriptores Condisline Prime" href="javascript:void(0);">                            <span class="info_text">10% Descuento para suscriptores Condisline Prime</span>                        </a>                                                        <img class="info_icon" alt="Producto ecológico" src="//static.condisline.com/resize_39x39/images/product_icons/icon_eco.jpg" width="39" height="39">                                            <a class="info" title="Producto ecológico" href="javascript:void(0);">                            <span class="info_text">Producto ecológico</span>                        </a>                                                        <img class="info_icon" alt="Marca propia" src="//static.condisline.com/resize_39x39/images/product_icons/marca_propia.png" width="39" height="39">                                            <a class="info" title="Marca propia" href="javascript:void(0);">                            <span class="info_text">Marca propia</span>                        </a>                                                        </div>        <img class="article_image" alt="FIDEOS CONDIS ECO Nº 0 500 G" data-original="//static.condisline.com/resize_190x200/images/catalog/large/122086.jpg" src="//static.condisline.com/resize_190x200/images/catalog/large/122086.jpg" width="190" height="200" style="display: block;">        <meta itemprop="image" content="//static.condisline.com/resize_190x200/images/catalog/large/122086.jpg">        <div class="article_price_container" itemprop="offers" itemscope="" itemtype="http://schema.org/Offer">            <!-- Price -->                                            <span class="article_price" itemprop="price"><span id="list_price_122086">2,59</span></span>                <span class="currency">€</span>                <script>                    formatNumber('2.59', 'list_price_122086');                </script>                        <meta itemprop="priceCurrency" content="EUR">            <div class="unit_container">                                    <a class="substract_button" title="Menos" href="javascript:void(0);">-</a>                                <label class="quantity_container">                                                                        <input class="input_quantity_product" id="item_quantity_122086" type="number" data-product="122086" value="" min="1" max="999" required="" autocomplete="off">                                                            </label>                                    <a class="add_button" title="Más" href="javascript:void(0);">+</a>                    <a class="added_tick" title="Cambiar unidades" href="javascript:void(0);"></a>                            </div>                                                <div class="article_pum">                        <span>      5,18€/Kilo</span>                    </div>                                                                            <a data-product-id="122086" class="orange_button btn_add2cart" title="Añadir al carrito" onclick="dataLayer.push({event: 'event_gtm',category:'acciones usuario', action:'a�adir producto desde listado'})" href="javascript:addToCartFromItemList('122086')">AÑADIR AL CARRITO &gt;</a>                                        <span class="added_button">En carrito</span>                                    <a class="white_button" title="Añadir a mi lista" href="javascript:addToListFromItemList('122086')" onclick="dataLayer.push({event: 'event_gtm',category:'acciones usuario', action:'a�adir producto a lista'});">Añadir a mi lista</a>                                </div>                    <a class="article_link" title="Ver ficha de FIDEOS CONDIS ECO Nº 0 500 G" href="/FIDEOS-CONDIS-ECO-N-0-500-G_122086_prd_es_ES.jsp" onclick="javascript:callingTaggingEnpoints('')" itemprop="url"></a>                <div class="hover_container">            <div class="hover">                <div class="info_symbol"></div>            </div>        </div>                    </article>            </li>                    <li class="article" itemprop="itemListElement" itemscope="" itemtype="http://schema.org/Product">                    <article class="article_container" id="item_description_122016">            <a class="article_name" title="Ver ficha de QUINOA SOL NATURA ECOLOGICA 500 G" href="/QUINOA-SOL-NATURA-ECOLOGICA-500-G_122016_prd_es_ES.jsp" itemprop="url"><span itemprop="name" id="description_text">QUINOA SOL NATURA ECOLOGICA 500 G</span></a>            <!--informacion de gluten y calorias -->        <div class="info_container">                                                            <img class="info_icon" alt="10% Descuento para suscriptores Condisline Prime" src="//static.condisline.com/resize_39x39/images/product_icons/icon_subscription.png" width="39" height="39">                                            <a class="info" title="10% Descuento para suscriptores Condisline Prime" href="javascript:void(0);">                            <span class="info_text">10% Descuento para suscriptores Condisline Prime</span>                        </a>                                                        <img class="info_icon" alt="Producto ecológico" src="//static.condisline.com/resize_39x39/images/product_icons/icon_eco.jpg" width="39" height="39">                                            <a class="info" title="Producto ecológico" href="javascript:void(0);">                            <span class="info_text">Producto ecológico</span>                        </a>                                                        </div>        <img class="article_image" alt="QUINOA SOL NATURA ECOLOGICA 500 G" data-original="//static.condisline.com/resize_190x200/images/catalog/large/122016.jpg" src="//static.condisline.com/resize_190x200/images/catalog/large/122016.jpg" width="190" height="200" style="display: block;">        <meta itemprop="image" content="//static.condisline.com/resize_190x200/images/catalog/large/122016.jpg">        <div class="article_price_container" itemprop="offers" itemscope="" itemtype="http://schema.org/Offer">            <!-- Price -->                                            <span class="article_price" itemprop="price"><span id="list_price_122016">5,71</span></span>                <span class="currency">€</span>                <script>                    formatNumber('5.71', 'list_price_122016');                </script>                        <meta itemprop="priceCurrency" content="EUR">            <div class="unit_container">                                    <a class="substract_button" title="Menos" href="javascript:void(0);">-</a>                                <label class="quantity_container">                                                                        <input class="input_quantity_product" id="item_quantity_122016" type="number" data-product="122016" value="" min="1" max="999" required="" autocomplete="off">                                                            </label>                                    <a class="add_button" title="Más" href="javascript:void(0);">+</a>                    <a class="added_tick" title="Cambiar unidades" href="javascript:void(0);"></a>                            </div>                                                <div class="article_pum">                        <span>     11,42€/Kilo</span>                    </div>                                                                            <a data-product-id="122016" class="orange_button btn_add2cart" title="Añadir al carrito" onclick="dataLayer.push({event: 'event_gtm',category:'acciones usuario', action:'a�adir producto desde listado'})" href="javascript:addToCartFromItemList('122016')">AÑADIR AL CARRITO &gt;</a>                                        <span class="added_button">En carrito</span>                                    <a class="white_button" title="Añadir a mi lista" href="javascript:addToListFromItemList('122016')" onclick="dataLayer.push({event: 'event_gtm',category:'acciones usuario', action:'a�adir producto a lista'});">Añadir a mi lista</a>                                </div>                    <a class="article_link" title="Ver ficha de QUINOA SOL NATURA ECOLOGICA 500 G" href="/QUINOA-SOL-NATURA-ECOLOGICA-500-G_122016_prd_es_ES.jsp" onclick="javascript:callingTaggingEnpoints('')" itemprop="url"></a>                <div class="hover_container">            <div class="hover">                <div class="info_symbol"></div>            </div>        </div>                    </article>            </li>                    <li class="article" itemprop="itemListElement" itemscope="" itemtype="http://schema.org/Product">                    <article class="article_container" id="item_description_103065">            <a class="article_name" title="Ver ficha de ARROZ SEO FOOD BLANCO ECOLOG 1 KG" href="/ARROZ-SEO-FOOD-BLANCO-ECOLOG-1-KG_103065_prd_es_ES.jsp" itemprop="url"><span itemprop="name" id="description_text">ARROZ SEO FOOD BLANCO ECOLOG 1 KG</span></a>            <!--informacion de gluten y calorias -->        <div class="info_container">                                                            <img class="info_icon" alt="10% Descuento para suscriptores Condisline Prime" src="//static.condisline.com/resize_39x39/images/product_icons/icon_subscription.png" width="39" height="39">                                            <a class="info" title="10% Descuento para suscriptores Condisline Prime" href="javascript:void(0);">                            <span class="info_text">10% Descuento para suscriptores Condisline Prime</span>                        </a>                                                        <img class="info_icon" alt="Producto ecológico" src="//static.condisline.com/resize_39x39/images/product_icons/icon_eco.jpg" width="39" height="39">                                            <a class="info" title="Producto ecológico" href="javascript:void(0);">                            <span class="info_text">Producto ecológico</span>                        </a>                                                        </div>        <img class="article_image" alt="ARROZ SEO FOOD BLANCO ECOLOG 1 KG" data-original="//static.condisline.com/resize_190x200/images/catalog/large/103065.jpg" src="//static.condisline.com/resize_190x200/images/catalog/large/103065.jpg" width="190" height="200" style="display: block;">        <meta itemprop="image" content="//static.condisline.com/resize_190x200/images/catalog/large/103065.jpg">        <div class="article_price_container" itemprop="offers" itemscope="" itemtype="http://schema.org/Offer">            <!-- Price -->                                            <span class="article_price" itemprop="price"><span id="list_price_103065">6,75</span></span>                <span class="currency">€</span>                <script>                    formatNumber('6.75', 'list_price_103065');                </script>                        <meta itemprop="priceCurrency" content="EUR">            <div class="unit_container">                                    <a class="substract_button" title="Menos" href="javascript:void(0);">-</a>                                <label class="quantity_container">                                                                        <input class="input_quantity_product" id="item_quantity_103065" type="number" data-product="103065" value="" min="1" max="999" required="" autocomplete="off">                                                            </label>                                    <a class="add_button" title="Más" href="javascript:void(0);">+</a>                    <a class="added_tick" title="Cambiar unidades" href="javascript:void(0);"></a>                            </div>                                                <div class="article_pum">                        <span>      6,75€/Kilo</span>                    </div>                                                                            <a data-product-id="103065" class="orange_button btn_add2cart" title="Añadir al carrito" onclick="dataLayer.push({event: 'event_gtm',category:'acciones usuario', action:'a�adir producto desde listado'})" href="javascript:addToCartFromItemList('103065')">AÑADIR AL CARRITO &gt;</a>                                        <span class="added_button">En carrito</span>                                    <a class="white_button" title="Añadir a mi lista" href="javascript:addToListFromItemList('103065')" onclick="dataLayer.push({event: 'event_gtm',category:'acciones usuario', action:'a�adir producto a lista'});">Añadir a mi lista</a>                                </div>                    <a class="article_link" title="Ver ficha de ARROZ SEO FOOD BLANCO ECOLOG 1 KG" href="/ARROZ-SEO-FOOD-BLANCO-ECOLOG-1-KG_103065_prd_es_ES.jsp" onclick="javascript:callingTaggingEnpoints('')" itemprop="url"></a>                <div class="hover_container">            <div class="hover">                <div class="info_symbol"></div>            </div>        </div>                    </article>            </li>        <!--    </ul> --></ul>


<div id="selectorShoppingListSection" style="display:none;"></div>


        </div>
    </section>

</div>

            
        </main>

        <script>
document.addEventListener('DOMContentLoaded', function() {
    document.getElementById('cb_est').checked = getCookie('ST_AUTH') === 'True';
    document.getElementById('cd_rrss').checked = getCookie('SN_AUTH') === 'True';
});
</script>

<div id="cookies_policy_bg" class="cookies_bg_glass" style="display: block; background: rgba(0, 0, 0, 0.5);">

    <div id="cookies_policy_dialog" class="cookies_dialog_bg">

        <div id="content_container" class="cookies_dialog_body">

            <div id="cookies_policy_text" class="cookies_text">
                Esta página web utiliza cookies propias y de terceros para fines técnicos, analíticos y de redes sociales. Tienes la opción de seleccionar "aceptar todas", "rechazar todas" o "configurar". Para obtener más información al respecto, puedes consultar nuestra
                <a id="cookies_policy_btn" class="cookies_link" title="Política de cookies" href="/cookies">
                    Política de cookies
                </a>
                .
            </div>
            <div class="cookies_buttons">
                <a class="cookies_button right" title="Rechazar todas" href="javascript:rejectCookies();">Rechazar todas</a>
                <a class="cookies_button right" title="Configurar" href="javascript:showSocialCookies();">Configurar</a>
                <a class="cookies_button right" title="Aceptar todas" href="javascript:acceptCookies();">Aceptar todas</a>
            </div>
        </div>

    </div>

</div>

<div id="cookies_social_config" class="cookies_modal">

    <div class="cookies_modal-content">

        <div class="cookies_modal-header">
            Configuración de Cookies
        </div>

        <div class="cookies_modal-body">
            <br>
            <div class="cookies_text">
                Puedes configurar tus preferencias, en cualquier momento, respecto a la utilización de Cookies. Para obtener más información al respecto, puedes consultar nuestra
                <a id="cookies_policy_btn" class="cookies_link" title="Política de cookies" href="/cookies">
                    Política de cookies
                </a>
            </div>
            <br>

            <input type="checkbox" id="cb_tec" disabled="disabled" checked="checked">
            <label class="cookies_modal_label" for="cb_tec"> Cookies Técnicas </label>
            <div class="cookies_modal_definition">
                Son aquéllas que resultan necesarias para el funcionamiento básico del sitio web y, por lo tanto, están siempre activas.
            </div>
            <br>

            <input type="checkbox" id="cb_est">
            <label class="cookies_modal_label" for="cb_est"> Cookies Análisis Estadístico</label>
            <div class="cookies_modal_definition">
                Son aquéllas que permiten realizar el seguimiento y análisis del comportamiento de los usuarios en los sitios Web.
            </div>
            <br>

            <input type="checkbox" id="cd_rrss" value="cookie-social_network">
            <label class="cookies_modal_label" for="cd_rrss"> Cookies Redes Sociales Externas</label>
            <div class="cookies_modal_definition">
                Son aquéllas que permiten que los usuarios puedan interactuar con el contenido de terceras plataformas sociales.
            </div>
            <br>

            <br>
        </div>

        <div class="cookies_modal-footer">
            <a class="cookies_back" id="cookies_modal-back" href="javascript:closeCookiesModal()" title="Volver">Volver</a>
            <a class="cookies_button" title="Guardar y continuar" href="javascript:acceptExtendedCookies();">Guardar y continuar</a>
        </div>

    </div>
</div>

<script type="text/javascript">
    checkCookiesPolicy();
</script>

<!-- Popup cargando -->
<aside id="loading" class="popup_background">
    <div class="popup_container narrow">
        <div class="popup">
            <img class="loading" title="Cargando..." src="//static.condisline.com/static-app/j2_233f/images/loading.gif" width="64" height="64">
            <p class="loading_text">Cargando...</p>
        </div>
    </div>
</aside>

<!-- Popup seleccionar / crear lista -->
<aside id="add_list_popup" class="popup_background">

</aside>

<aside id="not_in_stock_popup" class="popup_background">
</aside>

<!-- Popup login -->
<aside id="login_popup" class="popup_background">
    <div class="popup_container narrow">
        <div class="popup">
            <div class="popup_content">
                <a class="close_button" title="Cerrar popup" href="javascript:void(0);"></a>
                <div class="login_container">
                    <div class="left_container">
                        <p class="left_title">¿Es tu<span class="line"><span class="number">1<sup>a</sup></span> <span class="list">lista</span> <span class="letters">en</span></span> <img class="image" alt="Logotipo de Condisline" src="//static.condisline.com/static-app/j2_233f/images/logo-condisline.png"><span class="question">?</span></p>
                        <p class="left_text">Crea tu cuenta y haz tu compra desde el sofá de casa ¡Muy fácil!</p>
                        <div class="button_container">
                            <a class="orange_button" title="Crear cuenta" href="javascript:showRegisterUserFromLogin()">Crear cuenta</a>
                        </div>
                    </div>
                    <div class="right_container">
                        <p class="right_title">¿YA HAS REALIZADO OTRAS LISTAS CON NOSOTROS?</p>
                        <form id="login_form_popup" class="login_content" method="post" action="" autocomplete="off">
                            <label class="row">Usuario
                                <input id="user_form_popup" type="text" autocomplete="off">
                            </label>
                            <label class="row">Contraseña
                                <input id="password_form_popup" type="password" autocomplete="off">
                                <span id="msg_login_fail_list" style="display: none;" class="error_message"></span>
                            </label>
                            <a class="forget_link" title="�Has olvidado tu contrase�a?" href="javascript:irResetPassword();">¿Has olvidado tu contraseña?</a>
                            <div class="button_container">
                                <a class="access_button" title="Acceder" href="javascript:initLoginForMyList();">ACCEDER &gt;</a>
                            </div>
                        </form>
                    </div>
                </div>
            </div>
        </div>
    </div>
</aside>



<!-- Popup Cambios no persistentes en la lista hasta que no se graben -->
<aside id="no_persist_change_in_list_popup" class="popup_background">
    <div class="popup_container popup_list">
        <div class="popup">
            <div class="popup_content">
                <a class="close_button" title="Cerrar popup" href="javascript:closePopUpList();"></a>
                <p class="popup_list_title remember">Recuerda que al modificar tu lista<br> deberás guardar los cambios haciendo clic en<br> botón de la parte superior de la página</p>
                <div class="popup_list_button">
                    <a class="orange_button" title="ACEPTAR" href="javascript:hideNoPersistChangeInList();">ACEPTAR &gt;</a>
                </div>
            </div>
        </div>
    </div>
</aside>

<!-- Popup eliminar producto del carrito -->
<aside id="delete_product_popup" class="popup_background delete_product_popup">
    <div class="popup_container">
        <div class="popup">
            <div class="popup_content">
                <div class="delete_background"></div>
                <p class="delete_text">¿Estás seguro de que deseas eliminar el producto "<span id="delete_name"></span>" de tu carrito?</p>
                <div class="delete_buttons">
                    <a id="delete_product" class="white_button" title="Eliminarlo del carrito" href="javascript:confirmDeleteItemForCart();" onclick="dataLayer.push({event: 'event_gtm', category:'acciones usuario', action:'eliminar producto del carrito'});">Eliminarlo del carrito</a>
                    <a id="dont_delete" class="orange_button" title="Mantenerlo en carrito" href="javascript:void(0);" onclick="dataLayer.push({event:'event_gtm', category:'acciones usuario', action:'mantener producto en carrito'});">Mantenerlo en carrito</a>
                     <input type="hidden" id="productIdToDelete">
                </div>
            </div>
        </div>
    </div>
</aside>

<!-- Popup Cambios en la lista guardados -->
<aside id="saved_change_popup" class="popup_background">
    <div class="popup_container popup_list">
        <div class="popup">
            <div class="popup_content">
                <a class="close_button" title="Cerrar popup" href="javascript:closePopUpList();"></a>
                <p class="popup_list_title saved">Tu lista se ha guardado correctamente</p>
                <div class="popup_list_button">
                    <a class="orange_button" title="Aceptar" href="javascript:hideSavedChange();">ACEPTAR &gt;</a>
                </div>
            </div>
        </div>
    </div>
</aside>

<!-- Popup confirmaci�n eliminar producto de lista -->
<aside id="delete_list_product_popup" class="popup_background">
    <div class="popup_container narrow">
        <div class="popup">
            <div class="popup_content">
                <a class="close_button" title="Cerrar popup" href="javascript:void(0);"></a>
                <p class="delete_list_product_text">¿Seguro que deseas eliminar el producto? <span id="article_name"></span></p>
                <div class="buttons_container">
                    <a class="cancel_button" title="Cancelar" href="javascript:void(0);">Cancelar</a>
                    <a class="accept_button" title="ACEPTAR" href="#">ACEPTAR</a>
                </div>
            </div>
        </div>
    </div>
</aside>

<!-- Producto a�adido a la lista con �xito -->
<aside id="added_list_popup" class="popup_background">
    <div class="popup_container popup_list">
        <div class="popup">
            <div class="popup_content">
                <a class="close_button" title="Cerrar popup" href="javascript:void(0);"></a>
                <p class="popup_list_title saved">El producto <span id="product_in_list" class="product">"CEREALES CONDIS HAPPY CHOC 375 GRS"</span> se ha añadido correctamente a la lista <span id="list_description" class="list">"Cumplea�os Mam�"</span></p>
                <div class="popup_list_button">
                    <a class="orange_button" title="Aceptar" href="javascript:void(0);">ACEPTAR &gt;</a>
                </div>
            </div>
        </div>
    </div>
</aside>

<!-- Popup gen�rico -->
<aside id="generic_popup" class="popup_background">
    <div class="popup_container popup_list">
        <div class="popup">
            <div class="popup_content">
                <a class="close_button" title="Cerrar popup" href="javascript:void(0);"></a>
                <p class="generic_popup_title"></p>
                <p class="generic_popup_text"></p>

                <div class="popup_list_button">
                    <a class="orange_button" title="ACEPTAR" href="javascript:void(0);">ACEPTAR &gt;</a>
                </div>
            </div>
        </div>
    </div>
</aside>

<!-- Popup opcional -->
<aside id="generic_choice_popup" class="popup_background">
    <div class="popup_container popup_list">
        <div class="popup">
            <div class="popup_content">
                <a class="close_button" title="Cerrar popup" href="javascript:void(0);"></a>
                <p class="generic_popup_title"></p>
                <p class="generic_popup_text"></p>

                <div class="popup_list_button">
                    <a class="orange_button secundary_button" style="background-color:#e6e6e2" title="Cancelar" href="#">Cancelar &gt;</a>
                    <a class="orange_button primary_button" title="GUARDAR" href="#">GUARDAR &gt;</a>
                </div>
            </div>
        </div>
    </div>
</aside>

<!-- Popup disponibilidad -->
<aside id="disponibility_popup" class="popup_background">
</aside>

<!-- Popup a�adir producto a lista desde carrito -->
<aside id="all_list_popup" class="popup_background">
    <div class="popup_container popup_list">
        <div class="popup">
            <div class="popup_content">
                <a class="close_button" title="Cerrar popup" href="javascript:void(0);"></a>
                <p class="popup_list_title saved">Se han añadido todos los<br> productos de tu carrito a la lista:<br> <span class="list" id="listName"></span></p>
                <div class="popup_list_button">
                    <a class="orange_button" title="ACEPTAR" href="javascript:void(0);">ACEPTAR &gt;</a>
                </div>
            </div>
        </div>
    </div>
</aside>

<aside id="legal_popup" class="popup_background">
</aside>

<aside id="delivery_popup" class="popup_background">
</aside>

<aside id="schedule_popup" class="popup_background">
</aside>




<!-- login popups -->

<aside id="alert_login_no_mail_popup" class="popup_background" style="display:none">
   <div class="popup_container narrow">
    <div class="popup">
        <div class="popup_content">
            <p class="new_username_text">Hola <span id="user_name"></span>,<br> a partir de ahora, para acceder al nuevo Condisline, tu nombre de usuario será tu e-mail: <span id="user_mail"></span></p>
            <div class="button_container new_username">
                <a id="new_confirm_email" class="orange_button" title="Confirmar este e-mail" href="javascript:changeLoginForMail();">CONFIRMAR ESTE E-MAIL &gt;</a>
                <a id="new_modify_email" class="change_email" title="Modificar este e-mail" href="javascript:updateMailFromLogin();">Modificar este e-mail</a>
            </div>
        </div>
    </div>
   </div>
</aside>

<aside id="alert_select_region_popup" class="popup_background" style="display:none">
   <div class="popup_container narrow">
    <div class="popup">
        <div class="popup_content">
            <a class="close_button" title="Cerrar popup" href="javascript:selectRegion('SVC', 'SVM');"></a>
            <p class="new_username_text" style="color:#e66b5b;font-weight:bold;">Selecciona tu zona para adecuar el surtido y darte una mejor experiencia</p>
            <div style="width:46%;margin:10px; float:left;">
                <p class="new_username_text select_region_text" style="background-color: #3C67A5; color:#fff;cursor:pointer;" onclick="selectRegion('SVC', 'SVM');">Catalunya</p>

            </div>
            <div style="width:46%;margin: 10px; clear: left; float:left;">
                <p class="new_username_text select_region_text" style="background-color: #3C67A5; color:#fff; cursor:pointer;" onclick="window.location='https://www.condisline.ad';">Andorra</p>
            </div>

            <!--<select style="    display: block;
    float: left;
    margin-top: 15px;
    margin-left:190px;
    border: 1px solid #D6D6C5;
    -webkit-border-radius: 5px;
    -moz-border-radius: 5px;
    border-radius: 5px;
    color: #706F6F;
    font-size: 100%;
    line-height: 20px;
    padding: 6px 10px;
    width: 200px;
    height: 34px;
    -webkit-box-sizing: border-box;
    -moz-box-sizing: border-box;
    box-sizing: border-box;" onchange="ahoraSelect()" id="capri">
            <option style="font-weight: normal;    display: block;    white-space: pre;    min-height: 1.2em;" disabled selected>Zonas...</option>
            <option style="font-weight: normal;    display: block;    white-space: pre;    min-height: 1.2em;" onclick="selectRegion('SVC', 'SVM');"> Catalunya</option>
            </select>-->
            <p class="new_username_text"></p>
            <div class="button_container new_username">
            <!--    <a id="new_confirm_email" class="orange_button" title="Confirmar este e-mail" href="javascript:changeLoginForMail();">CONFIRMAR ESTE E-MAIL &gt;</a>
                <a id="new_modify_email" class="change_email" title="Modificar este e-mail" href="javascript:updateMailFromLogin();">Modificar este e-mail</a>-->
            </div>
        </div>
    </div>
   </div>
</aside>

<aside id="alert_login_no_contract_agreement_popup" class="popup_background" style="display:none">
   <div class="popup_container narrow">
    <div class="popup">
        <div class="popup_content">
            <p class="gdpr_text" style="font-family: 'Font2';">Queremos continuar informándote de las últimas novedades de nuestros productos, servicios y promociones, <b>pero queremos que tú decidas qué recibir y cómo.</b> </p>
            <div id="content_dni">
            <p class="gdpr_text" style="font-family: 'Font2';">Para ello, primero necesitamos que cumplimentes el siguiente campo al objeto de poder identificarte correctamente: </p>
            <input id="dni" type="text" style="margin-left: 200px;text-align:center;margin-top:20px; " placeholder="DNI/NIF"> <span style="color:red">*</span> &nbsp;<span id="msg_dni_fail" style="display:none;color:red;" class="error_message"> El dni introducido no es válido</span><span id="msg_dni_duplicado" style="display:none;color:red;" class="error_message"> DNI duplicado</span>
            </div>
            <div style="width=80%; color:#3C67A5;margin-top:20px;font-family: 'Font2'; ">
                <div style="width:100%; padding: 0 15px;font-family: 'Font2';">
                    Por favor, confírmanos tu consentimiento para las siguientes finalidades:
                </div>
                <div style="padding-left: 50px; font-family: 'Font2';width:100%; display:none" id="content_gdpr">
                    <label style="line-height: 20px;font-family: 'Font2';"><input id="gdpr_check" style="width: 20px;height: 20px;" type="checkbox" value="true">&nbsp;He leido las <a href="#">condiciones</a> <span style="color:red">*</span></label><br>
                </div>

                <div style="padding:0 10px 0 50px; margin-top:10px;font-family: 'Font2';">
                    <label style="line-height: 20px;font-family: 'Font2';"><input id="publi_check" style="width: 20px;height: 20px;" type="checkbox">&nbsp;Acepto recibir información comercial sobre Condis, de cualquier índole, incluyendo encuestas de satisfacción, y específicamente sobre futuras acciones comerciales así como promociones exclusivas a través de e-mail, sms y/o notificaciones push en tu dispositivo.</label>
                </div>
                <div id="publi_sgm" style="padding-left: 100px; display:none;font-family: 'Font2';">
                    <label style="line-height: 20px;"><input id="flagMail" style="width: 20px;height: 20px;" type="checkbox">&nbsp;Vía Email para seguir recibiendo nuestras newsletter<span style="color:blue">*</span></label><br>
                    <label style="line-height: 20px;"><input id="flagSMS" style="width: 20px;height: 20px;" type="checkbox">&nbsp;Vía SMS</label><br>
                    <label style="line-height: 20px;"><input id="flagPush" style="width: 20px;height: 20px;" type="checkbox">&nbsp;Vía notificaciones push en mi dispositivo para futuras actualizaciones</label>
                </div>
                <div style="padding:0 10px 0 50px; margin-top:10px;font-family: 'Font2';">
                    <label style="line-height:20px;font-family: 'Font2';"><input id="profile_check" style="width: 20px;height: 20px;" type="checkbox">&nbsp;Acepto que Condis evalúe mi perfil con información de fuentes externas para ofrecerme servicios y productos más ajustados a mis necesidades y preferencias.</label><br>
                </div>
                <div style="padding:0 10px 0 50px; margin-top:10px;font-family: 'Font2';">
                    <label style="line-height:20px;font-family: 'Font2';"><input id="healthy_check" style="width: 20px;height: 20px;" type="checkbox">&nbsp;Acepto que Condis evalúe mi perfil con información de fuentes externas para ofrecerme servicios y productos más ajustados a mis necesidades y preferencias.</label><br>
                </div>
                <div class="button_container">
                    <a class="orange_button" id="confirmGDPR" title="Aceptar" href="javascript:contractAgreement(function(){console.log('callback')}, null);">Aceptar &gt;</a>
                </div>
                <p style="padding:20px; width:92%;margin-top:55px;text-align:justify; font-size:12px">De conformidad con el Reglamento Europeo 2016/679 General de Protección de Datos, así como en cualquier ley nacional que sea de aplicación, te informamos que tus datos personales serán tratados por CONDIS SUPERMERCATS, S.A., como responsable del tratamiento, para las finalidades principales del servicio contratado y para las antes indicadas en caso que así lo hayas consentido. Comunicarte que no se cederán datos a terceros salvo que exista una obligación legal. Puedes revocar tus consentimientos en cualquier momento, así como ejercer tus derechos. Para más información al respecto, consulta nuestra <a href="/police/privacy#content_body" target="_blank">Política de Privacidad</a></p>
            </div>
        </div>
    </div>
   </div>
</aside>


<aside id="form_update_mail_popup" class="popup_background" style="display:none">
    <div class="popup_container tariff">
        <div class="popup">
            <div class="popup_content">
                <form class="identification_content" method="post" action="" autocomplete="off">
                    <label class="row">E-mail <span class="detail">(Ten en cuenta que será tu usuario de acceso a Condisline)</span> <sup>*</sup>
                        <input id="email_user" type="text" autocomplete="off">
                    </label>
                    <label class="row">Repetir e-mail
                        <input id="email_rep_user" type="text" autocomplete="off">
                        <span id="msg_mail_match_fail" style="display:none" class="error_message"> Los campos no coinciden</span>
                    </label>
                </form>
                <div class="delete_buttons">
                    <a id="new_change_email_popup_later" class="white_button" title="Recordar más tarde" href="javascript:recordarMasTarde();">Recordar más tarde</a>
                    <a id="new_change_email_popup_send" class="orange_button" title="ACEPTAR" href="javascript:changeMailBeforeChangeLogin();">ACEPTAR</a>
                </div>
            </div>
        </div>
    </div>
</aside>

<aside id="alert_maillogin_in_use_popup" class="popup_background" style="display:none">
    <div class="popup_container tariff">
        <div class="popup">
            <div class="popup_content">
                <p class="delete_text"><br><br>El correo <span id="user_mail"></span>, ya está en uso.<br> ¿Desea elegir otro o recordármelo más tarde?<br><br></p>
                <div class="delete_buttons">
                    <a id="new_change_email_popup_later" class="white_button" title="Recordar más tarde" href="javascript:recordarMasTarde();">Recordar más tarde</a>
                    <a id="new_change_email_popup_next" class="orange_button" title="Elegir otro" href="javascript:elegirOtro();">Elegir otro</a>
                </div>
            </div>
        </div>
    </div>
 </aside>

<aside id="success_maillogin_update_popup" class="popup_background" style="display:none">
    <div class="popup_container narrow">
        <div class="popup">
            <div class="popup_content">
                <p class="warning_old_login">Enhorabuena, a patir de ahora tu login para acceder a la aplicacion es  <span id="user_mail"></span>.</p>
                <div class="button_container new_username">
                    <a id="new_confirm_email" style="margin-bottom:20px;" class="orange_button" title="ACEPTAR" href="javascript:endUpdateLogin();">ACEPTAR &gt;</a>
                </div>
            </div>
        </div>
    </div>
</aside>



<!-- checkout login popups -->

<aside id="alert_login_no_mail_popup_checkout" class="popup_background" style="display:none">
   <div class="popup_container narrow">
    <div class="popup">
        <div class="popup_content">
            <p class="new_username_text">Hola <span id="user_name"></span>,<br> a partir de ahora, para acceder al nuevo Condisline, tu nombre de usuario será tu e-mail: <span id="user_mail"></span></p>
            <div class="button_container new_username">
                <a id="new_confirm_email" class="orange_button" title="Confirmar este e-mail" href="javascript:changeLoginForMailCheckout();">CONFIRMAR ESTE E-MAIL &gt;</a>
                <a id="new_modify_email" class="change_email" title="Modificar este e-mail" href="javascript:updateMailFromLoginCheckout();">Modificar este e-mail</a>
            </div>
        </div>
    </div>
   </div>
</aside>

<aside id="form_update_mail_popup_checkout" class="popup_background" style="display:none">
    <div class="popup_container tariff">
        <div class="popup">
            <div class="popup_content">
                <form class="identification_content" method="post" action="" autocomplete="off">
                    <!--<p class="delete_text">Indica tu nuevo e-mail:</p>-->
                    <label class="row">
                        E-mail <span class="detail">(Ten en cuenta que será tu usuario de acceso a Condisline)</span> <sup>*</sup>
                        <input id="email_user" type="text" autocomplete="off">
                    </label>
                    <label class="row">
                        <!--Repite tu e-mail*-->
                        Repetir e-mail
                        <input id="email_rep_user" type="text" autocomplete="off">
                        <span id="msg_mail_match_fail" style="display:none" class="error_message"> Los campos no coinciden</span>
                    </label>
                </form>
                <div class="delete_buttons">
                    <a id="new_change_email_popup_later" class="white_button" title="Recordar más tarde" href="javascript:recordarMasTarde();">Recordar más tarde</a>
                    <a id="new_change_email_popup_send" class="orange_button" title="ACEPTAR" href="javascript:changeMailBeforeChangeLoginCheckout();">ACEPTAR</a>
                </div>
            </div>
        </div>
    </div>
</aside>

<aside id="alert_maillogin_in_use_popup_checkout" class="popup_background" style="display:none">
    <div class="popup_container tariff">
        <div class="popup">
            <div class="popup_content">
                <p class="delete_text"><br><br>El correo <span id="user_mail"></span>, ya está en uso.<br> ¿Desea elegir otro o recordármelo más tarde?<br><br></p>
                <div class="delete_buttons">
                    <a id="new_change_email_popup_later" class="white_button" title="Recordar más tarde" href="javascript:recordarMasTardeCheckout();">Recordar más tarde</a>
                    <a id="new_change_email_popup_next" class="orange_button" title="Elegir otro" href="javascript:updateMailFromLoginCheckout();">Elegir otro</a>
                </div>
            </div>
        </div>
    </div>
 </aside>

<aside id="success_maillogin_update_popup_checkout" class="popup_background" style="display:none">
    <div class="popup_container narrow">
        <div class="popup">
            <div class="popup_content">
                <p class="warning_old_login">Enhorabuena, a patir de ahora tu login para acceder a la aplicacion es  <span id="user_mail"></span>.</p>
                <div class="button_container new_username">
                    <a id="new_confirm_email" style="margin-bottom:20px;" class="orange_button" title="ACEPTAR" href="javascript:endUpdateLoginCheckout();">ACEPTAR &gt;</a>
                </div>
            </div>
        </div>
    </div>
</aside>












<!-- login por mail area privada -->

<aside id="alert_mail_as_login_popup" class="popup_background" style="display:none">
   <div class="popup_container narrow">
    <div class="popup">
        <div class="popup_content">
            <p class="new_username_text">Hola <span id="user_name"></span>,<br> a partir de ahora, para acceder al nuevo Condisline, tu nombre de usuario será tu e-mail: <span id="user_mail"></span></p>
            <div class="button_container new_username">
                <a id="new_confirm_email" style="margin-bottom:20px;" class="orange_button" title="Confirmar este e-mail" href="javascript:updateUserBasisDataProccessor();">CONFIRMAR ESTE E-MAIL &gt;</a>
            </div>
        </div>
    </div>
   </div>
</aside>


<aside id="alert_maillogin_in_use_pa_popup" class="popup_background" style="display:none">
   <div class="popup_container narrow">
        <div class="popup">
            <div class="popup_content">
                <p class="new_username_text">El login <span id="user_mail_no_valid"></span>,<br> ya esta en uso </p>
                <div class="button_container new_username">
                    <a id="new_confirm_email" style="margin-bottom:20px;" class="orange_button" title="ACEPTAR" href="javascript:hideAlertMainInUserPrivateArea();">ACEPTAR &gt;</a>
                </div>
            </div>
        </div>
   </div>
</aside>

<aside id="delivery_times_popup" class="popup_background" style="display:none;">
    <div class="popup_container">
        <div class="popup">
            <div class="popup_content">
                <a class="close_button" title="Cerrar popup" href="javascript:void(0);"></a>

                <script>
                    var linkElement = document.createElement("link");
                    linkElement.rel = "stylesheet";
                    linkElement.href = "//static.condisline.com/static-app/j2_233f/styles/purchasing-process-step-1.css";

                    document.head.appendChild(linkElement);
                </script>

                <!-- calendario de las fechas de entrega -->
                <p class="postalcode_title" style="padding: 20px 0 0 20px;">C.P.: <span id="delivery_postalcode"></span></p>

                <style>
                    #layer_delivery_time_slot_popup #deliveryTitleText {
                        display: none;
                    }

                    #layer_delivery_time_slot_popup {
                        padding: 0px 20px;
                        margin: 0 auto;
                    }

                    #layer_delivery_time_slot_popup table.hour_table {
                        margin-bottom: 20px;
                    }

                    #layer_delivery_time_slot_popup .hour input {
                        opacity: 0;
                        position: fixed;
                        width: 0;
                    }

                    #layer_delivery_time_slot_popup .postalcode_title {
                        font-weight: bold;
                        padding: 20px 20px 0px 20px;
                        margin-bottom: 0;
                    }
                </style>

                <div id="layer_delivery_time_slot_popup"></div>
            </div>
        </div>
    </div>
</aside>


<!-- popup FINALIZACI�N cat�logo MADRID -->
<aside id="end_madrid_catalogue_popup" class="fpopup" style="display:none">
   <div class="fpopup__overlay">
        <div class="fpopup__container">
            <a class="close_button" title="Cerrar popup" href="javascript:void(0);"></a>
            <h3>Lo sentimos, pero Condisline ha dejado de operar en la zona centro: Madrid y alrededores.</h3>
            <p>Aunque ya no aceptamos pedidos, podrás contactarnos para resolver cualquier incidencia de entregas anteriores.</p>
            <p><img src="//static.condisline.com/static-app/j2_233f/images/condisline-madrid.jpg" alt="" style="max-width: 100%;"></p>
            <p>
                <a class="done_button" title="ACEPTAR" href="javascript:void(0);">ACEPTAR</a>
            </p>
        </div>
   </div>
</aside>

        
    <script type="text/javascript" src="https://islpronto.islonline.net/live/islpronto/public/chat_info.js?d=condis&amp;nick=.&amp;email=&amp;lang=es"></script>


<script type="text/javascript">
document.addEventListener('load', function() {
    if(true) {
        var image = document.getElementById('liveagent_button_online_5731r0000008g5K');
        if (locale == 'es_ES'){
            image.src = 'https://static.condisline.com/images/chat/islpronto-chat_es_.jpg';
        }else{
            image.src = 'https://static.condisline.com/images/chat/islpronto-chat_ca.jpg';
        }
    }else{
        var image = document.getElementById('liveagent_button_offline_5731r0000008g5K');
        if (locale == 'es_ES'){
            image.src = 'https://static.condisline.com/images/chat/islpronto_message_es.jpg';
        }else{
            image.src = 'https://static.condisline.com/images/chat/islpronto-message_ca.jpg';
        }
    }
});
</script>





        <footer class="footer_container" id="footer">
              <div id="payment_method" class="semitransparent_container">
        <ul class="content_container">
    <li class="avail safe">Compra Segura</li>
    <li class="avail norton"></li>
    <li class="avail visa"></li>
    <li class="avail mastercard"></li>
    <li class="avail paypal"></li>
    <li class="avail order">Recibe tu pedido al día siguiente</li>
    <li class="avail free">Envíos Gratis*<span class="tooltip">* Para los nuevos clientes en sus 2 primeras compras</span></li>
    <li class="avail collectives">Ventajas a colectivos</li>
</ul>
  </div>

  <div id="corporate information" class="opaque_container">
           <div class="content_container">
        <div class="footer_data_container left" itemscope="" itemtype="http://schema.org/Store">
                <meta itemprop="logo" content="//static.condisline.com/static-app/j2_233f/images/logo-condisline.png">
                <meta itemprop="name" content="Condisline.com, Supermercados Online">
                <meta itemprop="url" content="Condisline.com">
            <a class="footer_logo" title="Condisline" href="javascript:goToHome()" itemprop="url">
                <img class="logo_image" alt="Logotipo de Condisline" src="//static.condisline.com/static-app/j2_233f/images/logo-condisline.png" width="242" height="61" itemprop="logo">
            </a>
            <div itemscope="" class="contact_data" itemtype="http://schema.org/PostalAddress">
                <span class="telephone" itemprop="telephone">900 167 167</span>
            </div>
            <div itemscope="" class="contact_data contact_secundary" itemtype="http://schema.org/PostalAddress">
                <span class="footer">De Lunes a Jueves de 7h a 22.30h</span>
                <span class="footer">Viernes de 7h a 21.30h</span>
                <span class="footer">Sábado de 8h a 21.30h</span>
                <meta itemprop="addressCountry" content="ES">
                <a class="email" title="Email de contacto a Condisline" href="mailto:info@condis.es" itemprop="email">info@condis.es</a>
            </div>
        </div>
        <div class="footer_data_container">
            <ul class="footer_links_container">
                <li class="footer_link_container">
                    <a class="footer_link" title="Sobre Condis" href="/about_es_ES.jsp">Sobre Condis</a>
                </li>
                <li class="footer_link_container">
                    <a class="footer_link" title="Preguntas Frecuentes" href="/faq_es_ES.jsp">Preguntas Frecuentes</a>
                </li>
                <li class="footer_link_container">
                    <a class="footer_link" title="¿Dónde repartimos?" href="javascript:showDeliveryZones();">¿Dónde repartimos?</a>
                </li>
                <li class="footer_link_container">
                    <a class="footer_link" title="Horarios de entrega" href="javascript:showDeliveryTimes();">Horarios de entrega</a>
                </li>
            </ul>
        </div>
        <div class="footer_data_container right">
            <p class="social_text">Síguenos en:</p>
            <div class="social_container">
                <a class="social_button fb" title="Descubre nuestro canal en Facebook" rel="me nofollow" target="_blank" href="https://www.facebook.com/Condislife"></a>
                <a class="social_button tw" title="Descubre nuestro canal en Twitter" rel="me nofollow" target="_blank" href="https://twitter.com/Condislife"></a>
                <a class="social_button yt" title="Descubre nuestro canal en YouTube" rel="me nofollow" target="_blank" href="https://www.youtube.com/user/Condislife"></a>
            </div>

            <a class="condis_link" title="Descubre Condis" rel="me nofollow" target="_blank" href="http://www.condis.es">
                <img class="condis_logo" alt="Logotipo de de Condis" src="//static.condisline.com/static-app/j2_233f/images/logo-condis.png" width="143" height="44">
            </a>

            <a class="condis_link" title="Descubre Condislife" rel="me nofollow" target="_blank" href="http://www.condislife.com">
                <img class="condis_logo" alt="Logotipo de Condislife" src="//static.condisline.com/static-app/j2_233f/images/logo-condislife.png" width="143" height="44">
            </a>
            <br>


            <a class="condis_link" title="Descubre Condisline App" rel="me nofollow" target="_blank" href="https://www.condisline.com/promociones/landing-app/index.html">
                <img class="condis_logo" alt="Logotipo de de Condis" src="//static.condisline.com/static-app/j2_233f/images/logo-condislineapp.png" width="143" height="44">
            </a>


            <a class="condis_link" title="Descubre CondisFamily" rel="me nofollow" target="_blank" href="https://recursos.condis.es/app-condisfamily/">
                <img class="condis_logo" alt="Logotipo de CondisFamily" src="//static.condisline.com/static-app/j2_233f/images/logo-condisapp.png" width="143" height="44">
            </a>




        </div>
    </div>
  </div>

  <div id="plataforms" class="opaque_container">
        <ul class="collaborator_container">
    <li class="collaborator">
        <a class="collaborator_link" title="Ir a OXFAM Intermón" rel="nofollow" target="_blank" href="http://www.esolidario.es/">
            <img class="collaborator_image" alt="Logotipo de OXFAM Intermón" src="//static.condisline.com/static-app/j2_233f/images/logo-intermon.png">
        </a>
    </li>
    <!--
    <li class="collaborator">
        <a class="collaborator_link" title="Ir a AppStore" rel="nofollow" target="_blank" href="#">
            <img class="collaborator_image" alt=Logotipo de AppStore" src="//static.condisline.com/static-app/j2_233f/images/logo-appstore.png">
        </a>
    </li>
    <li class="collaborator">
        <a class="collaborator_link" title="Ir a GooglePlay" rel="nofollow" target="_blank" href="#">
            <img class="collaborator_image" alt="Logotipo de GooglePlay" src="//static.condisline.com/static-app/j2_233f/images/logo-googleplay.png">
        </a>
    </li>
    -->
</ul>
  </div>

  <div id="policies_condis" class="semitransparent_container">
        <ul class="links_container">
    <li class="link_container">
        <a class="legal_link" title="Ir a condiciones generales de compra" rel="nofollow" href="/police/general">Condiciones generales de compra</a>
    </li>
    <li class="link_container">
        <a class="legal_link" title="Ir a política de cookies" rel="nofollow" href="/cookies">Política de cookies</a>
    </li>
    <li class="link_container">
        <a class="legal_link" title="Política de privacidad" rel="nofollow" href="/police/privacy">Política de privacidad</a>
    </li>
</ul>
  </div>

  <div id="chat">
        <ul class="online_support_container">
  <a id="islpronto_link" title="Hola, ¿en qué puedo ayudarte?">
      <img id="liveagent_button_online_5731r0000008g5K" style="border: 0px none; cursor: pointer;" onclick="liveagent.startChat('5731r0000008g5K')" src="https://static.condisline.com/images/chat/islpronto-chat_es_.jpg"><img id="liveagent_button_offline_5731r0000008g5K" onclick="javascript:window.open('mailto:info@condis.es');" style="display: none; border: 0px none; " src="https://static.condisline.com/images/chat/islpronto_message_es.jpg">
      <script type="text/javascript">
      if (!window._laq) { window._laq = []; }
      window._laq.push(function(){liveagent.showWhenOnline('5731r0000008g5K', document.getElementById('liveagent_button_online_5731r0000008g5K'));
      liveagent.showWhenOffline('5731r0000008g5K', document.getElementById('liveagent_button_offline_5731r0000008g5K'));
      });</script>
  </a>

  <a id="return-top-btn" class="return_button" title="Volver arriba" href="javascript:void(0);" style="display: block; opacity: 1;"></a>
</ul>
  </div>

        </footer>
    







<div id="customer_data"></div><div id="fb-root" class=" fb_reset"><div style="position: absolute; top: -10000px; width: 0px; height: 0px;"><div></div></div></div></body></html>